1654 2694
459 74 917 118 HISTORIARUM
953 77 1036 119 111.
1073 88 1135 130 54.
1424 91 1481 132 49

105 175 260 216 officere
279 177 427 227 gloriae
447 192 581 218 eorum
603 180 669 230 qui
689 180 825 218 Asiam
846 180 999 220 interim
1029 181 1333 233 composuerint.
1395 185 1478 223 Illis

105 246 286 286 Moesiae
323 261 476 297 pacem,
512 249 586 289 sibi
625 251 789 290 salutem
828 252 1154 303 securitatemque
1193 253 1332 293 Italiae
1371 255 1480 293 cordi

103 317 221 356 fuisse
233 333 243 367 3
265 318 342 357 suis
359 320 695 360 exhortationibus
713 322 858 360 Gallias
877 321 1183 374 Hispaniasque,
1199 324 1479 363 validissimam

103 395 288 427 terrarum
316 398 477 439 partem,
509 391 558 429 ad
587 392 874 442 Vespasianum
903 405 1122 432 conversas.
1182 395 1260 434 Sed
1290 395 1480 434 cecidisse
1501 393 1524 430 6

103 457 141 496 in
172 458 330 498 inritum
359 461 524 510 labores,
555 463 590 500 si>
615 463 788 512 praemia
816 463 1079 513 periculorum
1109 465 1183 503 soli
1214 466 1482 516 adsequantur

103 529 170 579 qui
202 530 383 581 periculis
418 545 500 571 non
538 532 742 571 adfuerint.
802 535 890 572 Nec
926 535 1097 573 fefellere
1137 549 1183 574 ea
1222 538 1453 576 Mucianum
1472 553 1480 577 ;

103 600 196 639 inde
224 614 360 651 graves
390 601 616 650 simultates,
648 616 744 653 quas
777 604 975 643 Antonius
1011 605 1236 656 simplicius,
1270 607 1481 646 Mucianus

103 669 244 708 callide
266 683 392 720 eoque
413 670 685 721 inplacabilius
705 673 888 711 nutribat.

21 727 82 774 54
155 741 209 778 At
237 740 428 787 Vitellius,
460 742 588 780 fractis
618 742 723 792 apud
755 744 990 782 Cremonam
1019 745 1145 793 rebus,
1167 745 1326 784 nuntios
1355 747 1478 786 cladis

104 812 316 859 occultans,
339 813 456 850 stulta
476 811 788 852 dissimulatione
808 814 982 853 remedia
1001 814 1131 864 potius
1152 816 1343 855 malorum
1362 831 1480 867 quarn

101 880 205 917 mala
225 879 439 920 differebat.
498 881 656 933 Quippe
677 884 879 922 confitenti
907 885 1225 935 consultantique
1255 895 1483 937 supererant

101 963 190 1000 spes
221 951 399 1001 viresque
417 966 428 1000 ς
465 966 554 990 cum
586 966 607 991 e
642 954 840 993 contrario
873 955 975 993 laeta
1009 955 1142 994 omnia
1175 958 1346 1007 fingeret,
1377 958 1482 997 falsis

102 1020 408 1071 ingravescebat.
468 1023 614 1062 Mirum
644 1025 750 1074 apud
778 1024 906 1075 ipsum
937 1026 986 1065 de
1015 1027 1121 1065 bello
1148 1027 1343 1066 silentium
1358 1043 1368 1077 3
1396 1042 1482 1079 pro·
1505 1038 1522 1063 2

40 1135 43 1137 ,
103 1092 217 1132 hibiti
236 1107 306 1144 per
325 1094 522 1134 civitatem
547 1108 759 1143 sermones,
783 1108 910 1145 eoque
930 1097 1071 1146 plures,
1094 1110 1152 1145 ac,
1174 1097 1206 1136 si
1226 1099 1369 1147 liceret,
1392 1112 1481 1138 vere

103 1165 301 1210 narraturi,
323 1164 416 1215 quia
445 1166 686 1213 vetabantur,
709 1166 902 1204 atrociora
922 1167 1185 1217 volgaverant.
1244 1169 1281 1206 N
1287 1181 1332 1207 ec
1362 1168 1482 1208 duces
1501 1173 1520 1212 3

103 1234 276 1273 hostium
305 1235 510 1285 augendae
532 1236 658 1274 famae
683 1236 860 1283 deerant,
880 1244 1017 1286 captos
1039 1237 1189 1275 Vitellii
1218 1240 1482 1289 exploratores

102 1304 488 1356 circumductosque,
502 1313 545 1344 ut
564 1306 706 1344 robora
727 1305 884 1345 victoris
905 1307 1095 1346 exercitus
1115 1316 1333 1357 noscerent,
1350 1309 1480 1348 remit-

101 1377 222 1415 tendo
241 1391 252 1425 3
291 1389 392 1426 quos
426 1376 554 1415 omnis
592 1377 773 1416 Vitellius
813 1386 965 1417 secreto
1002 1386 1278 1429 percunctatus
1316 1379 1482 1419 interfici

96 1448 220 1497 jussit.
280 1449 317 1486 N
323 1447 457 1486 otabili
504 1449 725 1487 constantia
772 1448 947 1487 centurio
993 1450 1119 1499 Julius
1166 1451 1352 1500 Agrestis,
1391 1458 1481 1501 post
1502 1464 1525 1497 4

103 1519 248 1557 multos
277 1531 477 1558 sermones
499 1519 640 1569 quibus
661 1518 864 1557 Vitellium
893 1519 944 1557 ad
973 1518 1154 1558 virtutem
1181 1521 1320 1559 frustra
1339 1535 1480 1561 accen·

102 1589 234 1637 debat,
255 1589 425 1640 perpulit
452 1597 493 1628 ut
513 1589 564 1628 ad
584 1589 682 1628 vires
703 1589 875 1628 hostium
905 1591 1150 1639 spectandas,
1175 1604 1353 1641 quaeque
1373 1593 1481 1643 apud

101 1661 339 1700 Cremonam
379 1668 468 1699 acta
505 1661 642 1707 forent,
679 1659 763 1710 ipse
801 1660 1027 1699 mitteretur.
1087 1663 1125 1700 N
1129 1675 1174 1701 ec
1213 1663 1480 1712 exploratione
1504 1667 1522 1707 5

99 1732 255 1769 occulta
287 1731 418 1769 fallere
452 1730 672 1769 Antonium
707 1730 881 1778 tentavit,
918 1731 987 1770 sed
1022 1733 1208 1771 mandata
1237 1733 1480 1784 imperatoris

142 1842 158 1875 5
175 1837 306 1871 gloriae
329 1859 336 1867 .
362 1860 369 1867 .
395 1860 402 1867 .
428 1838 544 1866 Asiam
568 1859 575 1867 .
601 1859 608 1866 .
635 1859 641 1867 .
665 1844 753 1866 com·
823 1835 959 1874 morbus,
978 1842 1055 1875 etc.‚
1076 1837 1269 1877 ingravescit
1285 1838 1323 1877 (c.
1345 1838 1429 1878 dat.)
1453 1839 1479 1871 is

96 1877 292 1921 posuerint]
333 1879 516 1916 Sarcastie;
552 1879 642 1911 there
668 1890 754 1910 were
821 1889 865 1910 no
881 1879 985 1910 doubt
1001 1891 1198 1913 commoner.

96 1932 139 1953 no
166 1922 390 1954 disturbances
420 1923 453 1953 in
484 1923 575 1960 Asia,
609 1922 637 1952 if
663 1923 754 1953 there
865 1931 883 1954 2
907 1931 1014 1959 eoque
1029 1926 1148 1961 plures
1179 1948 1186 1955 .
1221 1948 1227 1955 .
1263 1948 1270 1955 .
1305 1927 1480 1956 atrociora

96 1965 161 1996 had
178 1965 260 1997 been
277 1966 368 1997 there
384 1966 494 1997 would
511 1966 594 1997 have
610 1966 693 1997 been
710 1977 752 1997 no
820 1967 1062 2006 vulgaverant]
1117 1967 1204 1998 Both
1242 1969 1480 2009 comparatives

95 2008 188 2049 glory
203 2008 236 2039 in
260 2009 394 2050 settling
417 2010 506 2041 them
530 2020 651 2051 among
674 2010 753 2041 such
821 2019 875 2040 are
892 2010 1081 2041 correlative
1100 2016 1134 2041 to
1150 2022 1181 2041 eo
1191 2022 1206 2049 ;
1230 2011 1262 2041 in
1286 2013 1479 2052 proportion

95 2051 200 2083 feeble
231 2052 309 2083 folk.
374 2052 438 2083 But
474 2054 612 2084 Aloesiae
641 2058 752 2093 pacem
821 2063 856 2083 as
872 2053 928 2084 the
945 2053 1059 2095 telling
1083 2054 1120 2084 of
1131 2065 1220 2085 news
1236 2065 1302 2084 was
1320 2055 1476 2093 checked,

96 2095 194 2127 refers
211 2101 244 2126 to
267 2106 286 2126 a
309 2095 376 2127 real
399 2096 463 2126 and
487 2096 665 2137 important
688 2107 751 2128 ser·
821 2107 911 2127 more
925 2097 1043 2138 people
1057 2097 1125 2128 told
1142 2107 1232 2128 more
1244 2097 1480 2130 unfavourable

95 2138 550 2221 Vlcgalffas3f'flspaniasque]
573 2191 624 2221 44.
650 2191 675 2214 1.
820 2150 885 2223 ne}
895 2150 1067 2214 Smandata
1084 2185 1308 2220 imperatoris
1324 2208 1331 2215 .
1350 2209 1356 2216 .
1376 2209 1383 2216 .
1401 2194 1479 2223 pro-

139 2225 208 2257 CH.
230 2226 321 2256 LIV.
354 2234 365 2257 1
385 2226 660 2265 ingravescebat]
684 2227 756 2257 ‘He
820 2227 947 2265 fessus]
974 2227 1028 2257 He
1045 2227 1169 2257 treated
1186 2227 1352 2259 Antonius
1368 2239 1403 2260 as
1422 2230 1478 2261 be-

94 2278 183 2309 grew
199 2268 325 2306 worse,’
343 2280 380 2300 as
403 2279 465 2299 one
488 2280 561 2309 says
584 2268 622 2300 of
640 2280 659 2299 a
682 2270 752 2300 sick
821 2270 884 2310 ing,
906 2270 972 2300 like
989 2269 1128 2307 himself,
1148 2270 1259 2301 bound
1276 2277 1310 2301 to
1326 2272 1478 2303 acknow·

95 2322 182 2343 man.
230 2312 276 2344 So
292 2323 342 2343 we
354 2312 436 2343 have
448 2319 579 2353 corpora
592 2312 755 2353 dcstctione
820 2313 916 2354 ledge
934 2312 1095 2343 Vitellius'
1113 2313 1234 2351 orders,
1254 2314 1318 2345 and
1336 2315 1392 2346 tell
1409 2316 1478 2347 him

95 2355 323 2395 ingravescunt
338 2357 370 2386 in
393 2356 460 2387 Cic.
481 2357 518 2386 dc
532 2356 603 2386 Seu.
630 2363 676 2386 11.
698 2356 749 2396 36,
821 2356 1014 2396 everything
1037 2356 1121 2386 their
1137 2367 1290 2388 common
1313 2369 1478 2390 comman-

95 2399 161 2430 and
176 2409 196 2430 a
211 2410 268 2430 use
284 2399 364 2430 with
377 2410 396 2430 a
412 2398 562 2440 personal
579 2399 703 2439 subject
721 2399 753 2430 in
821 2399 879 2430 der
889 2399 953 2430 had
965 2399 1215 2431 commissioned
1227 2400 1295 2431 him
1306 2407 1340 2432 to
1351 2402 1419 2433 ask.
1449 2403 1479 2434 It

99 2441 179 2473 Plin.
191 2443 254 2483 Ep.
266 2442 297 2473 ii.
313 2451 364 2474 20.
399 2442 471 2474 The
483 2449 600 2474 constr.
614 2443 749 2481 malum,
821 2443 1079 2484 seemssimplest
1091 2449 1124 2474 to
1135 2442 1211 2475 take
1221 2455 1316 2476 suum
1327 2446 1478 2476 animum

151 2510 230 2535 mc.
253 2510 307 2535 111.
779 2512 811 2543 D
