1654 2694
176 151 231 193 74
579 140 885 183 CORNELII
918 140 1136 184 TACITI

176 245 343 294 primum
373 245 580 283 tumultum
610 258 778 293 evasere,
810 245 848 282 in
878 245 963 295 quis
993 246 1210 295 praefectus
1240 245 1373 284 classis
1403 244 1550 296 Apolli-

174 316 300 363 naris;
330 315 499 365 reliquae
531 315 568 353 in
607 315 719 354 litore
753 324 901 366 captae,
939 324 1004 354 aut
1042 315 1163 354 nimio
1201 315 1394 355 ruentium
1431 329 1550 356 onere

174 399 327 436 pressas
361 398 466 424 mare
501 385 639 424 hausit.

1324 457 1447 496 Fuere
1485 454 1551 506 qui

174 539 333 564 uxorem
375 527 416 564 L.
456 525 604 565 Vitellii
651 526 838 564 Triariam
887 527 1136 575 incesserent,
1177 534 1375 577 tamquam
1419 525 1551 578 gladio

175 465 213 494 et
234 455 460 494 verberibus
500 455 691 503 foedatus,
731 456 769 494 in
817 470 882 495 ore
921 457 1004 505 ejus
1047 457 1254 506 jugulatur.

175 595 328 633 militari
358 596 487 634 cincta
515 596 614 635 inter
642 597 789 634 luctum
820 597 1031 646 cladesque
1052 603 1298 647 expugnatae
1317 597 1551 635 Tarracinae

174 667 340 716 superbe
370 679 562 716 saeveque
593 666 743 717 egisset.
804 668 894 717 Ipse
924 668 1094 705 lauream
1123 673 1255 716 gestae
1284 679 1469 717 prospere
1497 665 1553 705 rei

173 736 223 774 ad
263 737 414 775 fratrem
455 736 568 784 misit,
609 745 882 786 percunctatus
930 736 1060 775 statim
1107 737 1257 786 regredi
1294 749 1336 775 se
1374 749 1425 775 an
1469 749 1554 786 per-

1124 806 1244 855 Quod
1278 806 1444 845 salutare
1473 818 1552 845 non
1576 807 1595 848 5

174 877 294 915 modo
315 876 487 927 partibus
503 876 735 927 Vespasiani
757 877 826 915 sed
847 877 1085 927 reipublicae
1101 877 1181 915 fuit.

174 807 398 845 domandae
428 807 668 856 Campaniae
698 806 874 845 insistere
901 807 1064 856 juberet.

1242 878 1346 915 Nam
1367 876 1398 915 si
1418 888 1554 916 recens

173 946 335 985 victoria
368 946 490 994 miles,
521 954 560 985 et
594 960 709 997 super
743 947 897 986 insitam
932 946 1190 998 pervicaciam
1223 946 1405 986 secundis
1433 947 1553 995 ferox,

175 1018 346 1055 Romam
379 1016 660 1065 contendisset,
697 1017 802 1055 haud
836 1030 956 1067 parva
994 1019 1098 1055 mole
1133 1025 1321 1056 certaturn
1358 1030 1434 1056 nec
1470 1015 1554 1056 sine

618 1087 775 1137 Quippe
798 1089 840 1125 L.
863 1087 1036 1135 Vitellio,
1058 1087 1234 1137 quamvis
1263 1086 1409 1136 infami,
1430 1086 1556 1126 inerat

173 1157 388 1205 industria5
424 1170 498 1196 nec
535 1156 753 1206 virtutibus,
787 1165 829 1196 ut
866 1157 973 1207 boni,
1013 1158 1081 1196 sed
1121 1157 1324 1208 quomodo
1361 1156 1554 1208 pessimus

176 1087 296 1127 exitio
316 1086 421 1125 urbis
451 1088 559 1125 foret.

175 1228 351 1278 quisque,
373 1226 474 1265 vitiis
496 1227 660 1266 valebat.

83 1293 154 1351 “58
241 1299 347 1335 Dum
376 1297 474 1335 haec
504 1296 543 1335 in
572 1297 746 1347 partibus
775 1297 925 1336 Vitellii
958 1305 1151 1347 geruntur,
1182 1296 1377 1348 digressus
1406 1295 1556 1336 Narnia

176 1367 410 1418 Vespasiani
443 1368 634 1406 exercitus
667 1368 787 1406 festos
820 1367 974 1407 Saturni
1007 1367 1091 1407 dies
1126 1367 1297 1408 Ocriculi
1329 1380 1399 1418 per
1431 1367 1555 1407 otium

174 1439 357 1489 agitabat.
431 1440 559 1478 Causa
587 1445 666 1476 tam
701 1451 842 1488 pravae
875 1451 1020 1485 morae,
1051 1446 1092 1477 ut
1127 1437 1358 1477 Mucianum
1387 1437 1556 1489 opperir-

175 1518 297 1548 entur.
357 1510 445 1548 Nec
473 1509 631 1548 defuere
670 1508 736 1558 qui
770 1509 989 1547 Antonium
1023 1508 1312 1559 suspicionibus
1351 1516 1555 1560 arguerent
1575 1523 1596 1550 2

173 1588 361 1630 tanquam
408 1580 502 1618 dolo
538 1586 801 1626 cunctantem,
841 1587 930 1629 post
965 1587 1133 1618 secretas
1170 1578 1318 1618 Vitellii
1355 1579 1553 1630 epistolas,

175 1650 317 1700 quibus
345 1650 590 1688 consulatum
620 1656 658 1687 et
686 1648 859 1687 nubilem
882 1648 1000 1687 filiam
1031 1656 1069 1687 et
1089 1649 1242 1687 dotales
1262 1661 1358 1699 opes
1386 1648 1554 1699 pretium

175 1719 409 1772 proditionis
438 1719 635 1758 offerebat.
693 1718 772 1756 Alii
800 1720 892 1757 ficta
920 1719 1016 1758 haec
1046 1726 1085 1758 et
1113 1718 1153 1757 in
1181 1718 1346 1769 gratiam
1376 1719 1554 1758 Muciani
1574 1730 1594 1769 3

175 1790 404 1841 composita.
478 1788 648 1838 Quidam
689 1788 863 1827 omnium
902 1788 941 1828 id
989 1790 1132 1828 ducum
1172 1788 1378 1828 consilium
1423 1788 1553 1838 fuisse,

174 1943 199 1974 it
230 1953 296 1973 was
325 1941 507 1982 habitually
537 1941 594 1972 lest
624 1940 826 1982 unguarded.

175 1986 248 2017 The
264 1985 367 2016 men’s
382 1991 529 2027 quarters
545 1994 628 2016 were
645 1984 785 2016 beneath
797 1984 830 2015 in

941 1939 1128 1982 martam]
1160 1940 1190 1972 ii.
1212 1940 1262 1982 63.
1283 1950 1313 1981 4.

940 1985 1136 2024 tamquam]
1168 1986 1231 2016 See
1246 1995 1289 2015 on
1305 1985 1326 2016 i.
1341 1983 1394 2024 48.
1413 1990 1442 2026 5.

715 386 905 435 Julianus,
935 387 985 424 ad
1021 388 1062 424 L.
1094 385 1294 424 Vitellium
1327 386 1549 436 perductus,
1571 393 1595 426 4
1650 407 1654 409 ·

175 2029 231 2061 the
248 2035 346 2060 town.

218 2082 239 2111 4
261 2074 298 2102 in
314 2079 372 2103 ore
389 2070 478 2110 ejus]
505 2071 550 2103 So
574 2071 641 2102 Cic.
677 2070 766 2101 Verr.
787 2078 825 2101 Π.

175 2116 206 2147 ii.
240 2123 290 2155 33.
320 2114 372 2152 81,
400 2115 437 2146 in
466 2125 519 2145 ore
545 2118 639 2155 atque
667 2114 702 2144 in
733 2113 832 2144 oculis

168 2159 357 2200 provinciae
368 2168 382 2196 ,¹
414 2157 489 2189 Sen.
521 2157 558 2188 de
578 2158 680 2195 Bono,
701 2157 753 2187 vii.
778 2165 826 2196 19,

175 2203 204 2233 si
232 2202 267 2232 in
301 2212 353 2232 ore
374 2205 552 2242 parentum
574 2200 663 2242 filios
682 2200 830 2241 jugulat.

176 2246 216 2276 In
233 2245 276 2275 all
294 2245 384 2276 these
402 2244 512 2285 places
528 2243 582 2275 the
598 2243 716 2285 phrase
728 2253 831 2274 seems

176 2295 211 2320 to
241 2289 282 2319 be
312 2297 403 2318 more
433 2287 513 2318 than
543 2286 666 2327 merely
692 2286 744 2316 ‘in
776 2286 831 2317 the

175 2329 354 2373 presence,'
371 2341 406 2361 as
422 2331 455 2361 in
477 2330 615 2371 English
637 2331 645 2344 ‘
656 2328 766 2360 before
779 2329 829 2360 his

175 2385 251 2414 very
275 2372 362 2405 sace’
384 2373 494 2404 would
517 2374 581 2411 be;
605 2372 730 2413 though
754 2372 830 2404 here

175 2417 231 2448 the
247 2417 400 2457 audacity
417 2417 443 2447 is
459 2417 490 2447 in
511 2415 674 2448 Vitellius‘
691 2415 830 2457 viewing

176 2461 230 2491 the
262 2460 401 2498 murder,
429 2466 486 2491 not
509 2460 542 2491 in
567 2460 622 2491 the
649 2459 830 2491 murderers

175 2503 284 2544 sacing
299 2503 376 2534 him.

940 2028 1112 2067 lauream]
1142 2028 1203 2069 I.q.
1221 2028 1343 2059 litteras
1364 2029 1529 2060 laureatas
1536 2037 1553 2067 ,-

899 2070 983 2101 Plin.
1007 2072 1091 2102 Pan.
1123 2070 1152 2109 8,
1183 2071 1285 2102 allata
1310 2075 1381 2103 erat
1399 2081 1438 2103 ex
1463 2071 1552 2103 Pan·

899 2114 999 2145 nonia
1016 2114 1136 2145 laurea.

942 2164 959 2197 5
984 2157 1091 2196 Quod]
1143 2157 1232 2189 That
1268 2156 1310 2188 he
1346 2157 1466 2189 waited
1503 2156 1554 2189 sor

898 2200 1018 2237 orders,
1038 2200 1166 2231 instead
1183 2200 1219 2232 of
1230 2200 1341 2242 acting
1356 2211 1400 2232 on
1415 2200 1465 2232 his
1477 2210 1552 2232 own

895 2243 1078 2284 judgment.

941 2295 1061 2317 recens
1087 2286 1248 2326 victoria]
1277 2285 1351 2318 The
1373 2286 1438 2318 abl.
1458 2285 1551 2318 with-

900 2336 957 2361 out
975 2340 1079 2371 prep.,
1100 2340 1135 2360 as
1151 2329 1184 2360 in
1205 2338 1251 2369 19.
1273 2337 1304 2368 2,
1324 2329 1380 2360 ubi
1393 2329 1468 2361 vide.

941 2373 1009 2404 CH.
1044 2372 1250 2404 LXXVIII.
1274 2374 1382 2404 reatos
1407 2374 1436 2404 S.
1464 2371 1553 2412 dlefl]

899 2416 979 2447 Dec.
1005 2416 1079 2455 17th
1096 2416 1161 2447 and
1177 2415 1354 2457 following.

941 2468 959 2499 3
983 2459 1064 2498 Am]
1095 2459 1167 2490 The
1193 2458 1272 2490 verb
1299 2458 1326 2490 is
1352 2464 1386 2491 to
1412 2457 1455 2490 be
1477 2467 1551 2500 sup-

898 2502 987 2544 plied
1003 2502 1087 2534 from
1102 2505 1279 2543 arguerent.
