1654 2694
213 125 290 178 156
609 125 914 168 CORNELII
950 125 1166 168 TACITI

130 233 152 244 ι-

131 235 179 280 ,1
262 228 343 267 Hic
373 229 463 268 belli
493 236 614 268 status
645 237 735 276 erat,
767 243 855 268 cum
893 229 1052 268 Petilius
1086 229 1247 269 Cerialis
1282 228 1578 281 Mogontiacum

207 300 322 338 venit.
384 301 479 348 Ejus
512 300 683 339 adventu
718 308 869 338 erectae
904 313 1002 349 spes.
1062 301 1153 350 Ipse
1187 313 1341 351 pugnae
1373 300 1509 339 avidus
1543 306 1581 338 et

208 370 520 417 contemnendis,
542 383 658 420 quam
679 370 873 417 cavendis,
896 370 1072 409 hostibus
1102 371 1248 418 melior,
1270 370 1415 410 ferocia
1442 370 1579 409 verbo-

208 452 291 477 rum
335 439 495 478 militem
540 439 801 478 incendebat:
850 440 916 478 ubi
959 440 1124 490 primum
1169 442 1355 491 congredi
1397 442 1580 490 licuisset,

208 511 353 548 nullam
374 510 520 560 praelio
542 524 690 549 moram
712 511 890 549 facturus.
952 512 1138 550 Deiectus
1158 525 1226 562 per
1242 511 1408 551 Galliam
1426 512 1582 551 habitos
1603 520 1622 546 2

208 580 247 617 in
291 579 466 618 civitates
509 580 680 629 remittit,
721 593 766 619 ac
809 582 987 620 nuntiare
1027 583 1151 631 jubet,
1193 583 1367 621 sufficere
1410 581 1582 632 Imperio

208 650 381 700 legiones
399 665 405 688 :
436 650 529 689 socii
551 651 600 689 ad
622 651 753 689 munia
774 651 880 702 pacis
910 653 1089 700 redirent,
1112 652 1247 700 securi,
1268 653 1373 691 velut
1401 652 1583 691 confecto

208 721 324 767 bello,
343 721 449 770 quod
472 723 676 760 Romanae
696 735 834 760 manus
855 723 1111 773 excepissent.

209 803 292 827 rum
333 790 578 840 obsequium.

1169 723 1288 761 Auxit
1308 736 1354 762 ea
1372 736 1433 762 res
1453 723 1584 762 Gallo-

638 793 753 838 Nam,
797 800 953 842 recepta
993 793 1206 842 juventute,
1251 793 1399 832 facilius
1442 793 1584 832 tributa

1375 865 1429 902 At
1449 862 1584 904 Civilis
1605 867 1624 906 3

209 938 247 969 et
282 931 488 979 Classicus,
520 931 585 969 ubi
622 932 775 981 pulsum
810 933 1010 982 Tutorem,
1042 946 1178 972 caesos
1211 935 1413 983 Treveros,
1443 941 1586 973 cuncta

210 1001 388 1039 hostibus
418 1014 603 1051 prospera
632 1014 831 1051 accepere,
855 1003 994 1053 trepidi
1024 1016 1069 1041 ac
1098 1011 1361 1053 properantes,
1388 1004 1482 1043 dum
1512 1003 1586 1042 dis-

209 1083 340 1121 persas
361 1083 518 1109 suorum
539 1071 673 1120 copias
693 1072 932 1121 conducunt,
950 1073 1093 1111 crebris
1115 1073 1266 1111 interim
1283 1073 1427 1112 nuntiis
1447 1073 1587 1112 Valen-

209 1141 332 1180 tinum
354 1154 550 1189 monuere,
569 1155 618 1180 ne
635 1155 809 1181 summae
830 1142 883 1181 rei
900 1143 1113 1193 periculum
1130 1145 1282 1183 faceret.
1333 1145 1392 1184 Eo
1412 1143 1585 1195 rapidius
1606 1151 1630 1184 4

211 1211 384 1261 Cerialis,
406 1212 531 1250 missis
552 1213 591 1250 in
614 1213 950 1261 Mediomatricos,
974 1214 1039 1263 qui
1061 1214 1236 1253 breviore
1257 1214 1393 1254 itinere
1413 1215 1586 1266 legiones

209 1282 249 1321 in
270 1284 423 1322 hostem
444 1291 647 1331 verterent,
670 1291 884 1332 contracto,
907 1284 1012 1334 quod
1035 1292 1115 1323 erat
1135 1285 1301 1323 militum
1330 1284 1585 1336 Mogontiaci,

211 1362 478 1404 quantumque
523 1367 655 1392 secum
699 1362 973 1403 transvexerat,
1013 1355 1133 1394 tertiis
1176 1355 1310 1394 castris
1348 1355 1588 1406 Rigodulum

213 1423 346 1471 venit;
393 1437 510 1473 quem
554 1425 685 1463 locum
728 1437 870 1474 magna
907 1426 1165 1464 Treverorum
1202 1438 1320 1464 manu
1357 1424 1589 1464 Valentinus

211 1494 419 1543 insederat,
442 1493 640 1532 montibus
660 1501 727 1532 aut
749 1495 919 1533 Mosella
943 1507 1057 1533 amne
1087 1502 1252 1545 septum.
1313 1496 1362 1534 Et
1382 1494 1589 1534 addiderat

211 1565 335 1602 fossas
374 1564 586 1614 obicesque
625 1577 818 1603 saxorum.
878 1566 965 1603 Nec
1007 1565 1227 1604 deterruere
1264 1578 1311 1604 ea
1348 1565 1590 1604 munimenta
1611 1569 1630 1610 5

214 1635 439 1672 Romanum
476 1635 627 1681 ducem,
659 1647 738 1684 quo
774 1635 900 1673 minus
935 1635 1108 1685 peditem
1143 1648 1392 1686 perrumpere
1421 1636 1588 1685 juberet,

214 1704 386 1754 equitum
408 1704 530 1743 aciem
552 1704 590 1742 in
611 1706 753 1743 collem
773 1705 946 1755 erigeret,
969 1713 1100 1755 spreto
1127 1706 1238 1744 hoste
1254 1720 1264 1754 3
1293 1718 1422 1756 quem,
1444 1713 1590 1744 temere

214 1776 435 1822 collectum,
467 1775 572 1813 haud
603 1775 656 1813 ita
684 1776 773 1813 loco
799 1775 936 1824 juvari,
967 1783 1009 1814 ut
1040 1788 1120 1814 non
1153 1777 1239 1826 plus
1275 1775 1354 1814 suis
1383 1775 1422 1814 in
1451 1775 1591 1815 virtute

210 862 433 907 toleravere,
453 861 652 911 proniores
673 862 721 899 ad
744 862 882 911 officia,
900 863 1006 912 quod
1027 865 1317 913 spernebantur.

213 1848 321 1885 soret.
382 1847 559 1884 Paullum
581 1858 712 1884 morae
734 1845 773 1882 in
794 1859 970 1895 ascensu,
993 1845 1085 1884 dum
1107 1845 1268 1884 missilia
1287 1845 1457 1884 hostium
1484 1858 1591 1897 prae·
1611 1850 1634 1889 6

215 1922 431 1959 vehuntur:
460 1927 501 1957 ut
521 1926 679 1957 ventum
702 1918 739 1955 in
771 1931 919 1966 manus,
943 1918 1138 1956 deturbati
1167 1917 1300 1956 ruinae
1329 1917 1451 1956 modo
1479 1929 1590 1967 prae-

214 1990 434 2041 cipitantur.
493 1990 542 2027 Et
572 2001 660 2038 pars
691 1988 876 2038 equitum,
907 1988 1155 2038 aequioribus
1182 1988 1286 2038 jugis
1319 1987 1592 2034 circumvecta,

261 2102 328 2133 CH.
351 2100 478 2131 LXXI.
500 2099 594 2139 spes]
611 2099 722 2131 Osthe
734 2099 871 2130 soldiers

218 2145 293 2176 who
319 2144 383 2175 had
415 2143 566 2174 returned
599 2149 632 2173 to
653 2142 735 2173 their
759 2143 870 2183 allegi-

218 2199 307 2224 ance,
320 2199 357 2218 or
369 2187 467 2218 ofthe
480 2186 653 2227 peaceable
667 2186 873 2226 provincialis·

261 2232 422 2270 Imperio]
460 2230 544 2260 ‘For
574 2229 788 2269 maintaining
820 2229 873 2259 the

220 2274 391 2314 sovereign
408 2272 591 2313 authority'
608 2272 645 2303 os
666 2272 780 2302 Rome.
831 2271 880 2303 Of

219 2329 330 2349 course
348 2318 402 2347 the
420 2316 508 2346 word
525 2316 606 2346 does
622 2321 679 2346 not
691 2325 783 2346 mean
803 2315 874 2346 ‘the

222 2361 357 2402 limpire
368 2359 374 2371 ²
395 2360 426 2389 in
443 2370 462 2390 a
477 2358 709 2400 geographical
726 2369 827 2389 sense.

264 2413 286 2442 4
307 2405 424 2434 ἐει-ωε
441 2400 581 2443 castris]
615 2404 663 2432 As
679 2401 722 2432 iii.
748 2408 793 2441 15.
815 2409 844 2441 3.

265 2445 486 2484 Rigodulum]
551 2445 636 2482 l<iol‚
686 2455 775 2476 some
821 2452 875 2475 ten

223 2489 362 2531 English
379 2489 471 2520 miles
489 2488 595 2519 below
612 2486 745 2519 Treves„

981 2102 1160 2130 montibus
1196 2101 1260 2130 aut
1297 2100 1441 2130 Mosella.
1476 2096 1593 2137 amne]

942 2143 1033 2174 With
1050 2143 1155 2174 either
1170 2143 1357 2174 mountains
1379 2151 1416 2173 or
1439 2140 1495 2173 the
1511 2141 1595 2172 river

941 2197 983 2217 on
1001 2197 1098 2227 every
1114 2186 1194 2217 side.

985 2229 1005 2260 6
1028 2232 1110 2260 dum
1134 2230 1283 2260 mtssssla.
1316 2252 1324 2260 .
1361 2251 1369 2260 .
1408 2251 1417 2260 .
1451 2234 1593 2264 praeve-

942 2273 1091 2312 huntur]

943 2359 1038 2399 'l'hey
1061 2369 1146 2390 were
1172 2364 1243 2389 sent
1269 2362 1304 2388 to
1330 2363 1404 2388 turn
1432 2355 1487 2387 the
1514 2355 1595 2386 Tre-

943 2413 1042 2433 veran
1065 2401 1322 2439 entrenchment,
1345 2398 1444 2431 while
1467 2398 1523 2430 the
1546 2398 1595 2429 in·

944 2445 1052 2486 santry
1067 2445 1220 2476 attacked
1238 2445 1262 2475 it
1285 2443 1318 2474 in
1341 2442 1437 2473 front.

944 2488 1019 2519 who
1033 2493 1119 2520 went
1132 2487 1213 2519 least
1223 2497 1295 2528 way
1307 2495 1352 2527 up
1364 2485 1420 2517 the
1430 2484 1516 2523 hills,
1529 2483 1596 2516 and

1159 2272 1292 2303 ‘While
1328 2270 1405 2311 they
1442 2279 1500 2301 ran
1537 2269 1594 2301 the
1648 2267 1654 2278 ²

943 2316 1091 2357 gauntlet
1129 2315 1166 2346 of
1206 2315 1262 2346 the
1306 2311 1450 2354 enemy's
1494 2311 1594 2344 shot.'
1650 2307 1654 2334 '¹

1482 2441 1596 2473 'l'hose
1650 2449 1654 2463 ¹
