1654 2694
155 134 208 186 78
572 132 880 176 CORNELII
913 132 1131 176 TACITI

154 245 313 276 vocatas
351 236 401 274 ad
442 235 668 275 contionem
710 236 884 287 legiones
926 236 1113 287 mitigare,
1152 243 1204 284 ut,
1245 235 1379 276 castris
1417 236 1527 287 juxta

155 316 317 358 pontem
353 306 547 345 Mulvium
580 306 728 357 positis,
764 315 921 357 postera
954 307 1018 346 die
1052 308 1187 346 urbem
1222 306 1525 358 ingrederentur.

156 378 274 417 Ratio
295 377 519 424 cunctandi,
540 390 590 416 ne
611 385 810 428 asperatus
836 377 984 428 praelio
1012 377 1135 425 miles,
1157 390 1236 417 non
1266 379 1425 429 populo,
1446 391 1527 418 non

155 447 316 494 senatui,
349 462 398 487 ne
428 447 583 498 templis
617 447 776 498 quidem
810 461 856 487 ac
891 447 1063 487 delubris
1097 448 1260 487 deorum
1294 449 1526 489 consuleret.

155 519 232 558 Sed
254 531 412 557 ornnem
433 517 693 569 prolationem
722 526 763 557 ut
792 518 991 557 inimicam
1019 517 1207 558 victoriae
1237 519 1525 569 suspectabant.
1547 527 1568 553 2

155 589 276 628 Simul
297 589 482 639 fulgentia
502 602 571 640 per
590 589 711 628 colles
739 590 889 633 vexilla,
911 602 1149 639 quamquam
1179 588 1333 628 inbellis
1360 590 1530 640 populus

155 668 390 710 sequeretur,
430 659 602 711 speciem
640 659 790 698 hostilis
835 660 1025 698 exercitus
1067 660 1249 699 fecerant.
1317 660 1569 711 Tripertito3

155 730 310 781 agmine
345 743 443 780 pars,
478 738 521 768 ut
554 730 766 777 adstiterat,
802 729 994 768 Flaminia
1026 728 1100 777 via,
1135 742 1223 780 pars
1257 730 1370 779 juxta
1405 729 1530 782 ripam

154 801 310 839 Tiberis
332 800 514 848 incessit;
543 800 698 839 tertium
719 813 856 851 agmen
880 813 948 850 per
968 800 1154 839 Salariam
1184 800 1364 841 Collinae
1392 808 1530 851 portae

156 871 457 922 propinquabat.
519 872 648 918 Plebs,
679 870 842 909 invectis
877 870 1084 921 equitibus,
1118 871 1230 919 susa;
1266 871 1377 910 miles
1409 870 1531 911 Vitel-

156 941 282 980 lianus
307 941 417 980 trinis
447 949 485 980 et
514 941 596 992 ipse
625 940 828 991 praesidiis
858 941 1035 980 occurrit.
1095 940 1247 980 Praelia
1275 949 1364 980 ante
1392 941 1529 981 urbem
1550 945 1574 978 4

157 1013 280 1050 multa
308 1020 346 1050 et
374 1012 490 1058 varia,
522 1011 590 1050 sed
621 1010 827 1058 Flavianis,
857 1010 1022 1050 consilio
1051 1010 1195 1050 ducum
1229 1012 1528 1062 praestantibus,

157 1082 311 1132 saepius
341 1094 537 1132 prospera.
597 1082 631 1119 Ii
660 1089 812 1120 tantum
843 1081 1055 1120 conflictati
1089 1089 1178 1120 sunt
1206 1081 1272 1132 qui
1306 1081 1347 1120 in
1380 1088 1530 1133 partem

158 1152 352 1192 sinistram
372 1151 477 1191 urbis
498 1152 548 1190 ad
578 1150 832 1191 Sallustianos
861 1152 1006 1199 hortos,
1028 1164 1097 1202 per
1123 1159 1287 1202 angusta
1316 1159 1354 1191 et
1381 1151 1531 1191 lubrica

156 1223 304 1261 viarum
333 1223 529 1261 flexerant.
589 1223 859 1272 Superstantes
891 1221 1068 1260 maceriis
1103 1221 1303 1261 hortorum
1330 1222 1530 1262 Vitelliani
1554 1218 1595 1264 5'

157 1295 206 1333 ad
228 1307 354 1333 serum
373 1306 497 1343 usque
517 1292 621 1332 diem
642 1292 743 1331 saxis
763 1292 930 1342 pilisque
951 1293 1160 1331 subeuntes
1183 1293 1378 1341 arcebant,
1401 1292 1531 1333 donec

158 1365 208 1403 ab
237 1363 445 1414 equitibus,
468 1363 533 1413 qui
561 1370 675 1413 porta
705 1362 860 1402 Collina
889 1362 1125 1412 inruperant,
1147 1362 1526 1403 circumvenirentur.

158 1435 401 1474 Concurrere
421 1441 459 1472 et
480 1433 519 1471 in
539 1445 681 1483 campo
703 1432 849 1471 Martio
870 1432 1032 1471 infestae
1056 1432 1170 1472 acies.
1229 1435 1306 1472 Pro
1336 1433 1530 1473 Flavianis
1550 1434 1574 1472 6

156 1506 312 1544 fortuna
331 1512 370 1543 et
392 1512 503 1555 parta
531 1503 674 1542 totiens
702 1503 889 1542 victoria:
916 1502 1116 1541 Vitelliani
1145 1503 1418 1554 desperatione
1447 1505 1532 1544 sola

156 1577 346 1622 ruebant;
375 1582 425 1621 et,
447 1587 684 1624 quamquam
705 1573 819 1624 pulsi,
840 1586 968 1612 rursus
989 1573 1028 1611 in
1056 1575 1152 1613 urbe
1181 1575 1530 1625 congregabantur.

75 1634 135 1692 83
158 1646 306 1684 Aderat
324 1643 589 1695 pugnantibus
610 1651 808 1694 spectator
827 1645 1010 1693 populus,
1031 1651 1151 1694 utque
1171 1642 1211 1682 in
1234 1644 1384 1683 ludicro
1413 1652 1532 1684 certa·

158 1715 274 1762 mine,
296 1715 380 1762 hos,
401 1727 530 1752 rursus
559 1713 645 1752 illos
674 1715 846 1752 clamore
877 1721 914 1752 et
943 1715 1079 1763 plausu
1109 1714 1277 1752 fovebat.
1336 1714 1531 1763 Quotiens

158 1799 245 1836 pars
279 1786 399 1823 altera
432 1783 667 1831 inclinasset,
703 1783 860 1822 abditos
895 1783 933 1821 in
967 1783 1138 1822 tabernis
1170 1791 1236 1822 aut
1269 1783 1301 1822 si
1335 1797 1454 1834 quam
1491 1785 1532 1824 in

159 1872 220 1907 532
250 1875 309 1904 sq.‚
343 1863 429 1894 Belli
463 1863 646 1893 commercia
684 1863 817 1893 Turnus
879 1861 1035 1893 ‘beaten'
1053 1863 1182 1904 implies
1204 1869 1260 1894 too
1283 1863 1461 1896 deeisivea
1483 1875 1531 1896 re-

158 1908 297 1939 Sustulit
317 1907 375 1937 isla
386 1907 484 1948 prior
487 1906 563 1947 jam
580 1910 649 1936 tum
666 1906 820 1936 Pallante
875 1906 948 1942 sult,
970 1905 1009 1937 cf.
1031 1913 1079 1947 59.
1102 1914 1131 1945 3.

151 1955 321 1993 perempto.
917 1951 1146 1980 SallusssanoS
1161 1949 1296 1989 hortos]
1320 1949 1374 1981 On
1387 1950 1442 1982 the
1455 1950 1530 1982 Pin-

202 1994 270 2026 CH.
289 1992 471 2024 LXXXII.
504 2000 516 2022 1
543 1991 724 2030 Mulvium]
749 1992 815 2023 For
874 1992 946 2023 cian
966 1992 1047 2029 Hill,
1068 1992 1155 2024 close
1171 1998 1205 2023 to
1222 1993 1277 2024 the
1293 1992 1425 2025 Colline
1444 1993 1531 2026 Gate

158 2037 213 2068 the
230 2049 258 2068 v.
281 2037 300 2068 l.
322 2035 435 2067 Mulvi
449 2046 502 2066 see
518 2046 561 2066 on
579 2035 609 2066 ii.
631 2033 682 2074 89.
707 2043 733 2066 1.
872 2035 971 2066 -the
988 2046 1082 2067 scene
1098 2035 1135 2067 of
1154 2035 1209 2067 the
1228 2042 1368 2068 severest
1392 2036 1531 2079 fighting

203 2089 221 2121 3
244 2083 285 2111 ut
301 2079 506 2118 adstiterat]
531 2086 579 2118 79.
605 2086 629 2109 1.
874 2079 906 2109 in
937 2078 979 2109 all
1012 2078 1066 2110 the
1097 2079 1188 2110 three
1217 2078 1283 2120 (83.
1316 2077 1349 2120 3)
1378 2080 1531 2121 previous

201 2132 263 2159 per
286 2123 469 2161 salariam]
510 2120 558 2160 78.
586 2121 616 2158 6,
645 2128 694 2160 79.
722 2129 752 2158 2,
780 2128 809 2160 3.
873 2122 1011 2152 assaults
1034 2133 1122 2163 upon
1149 2122 1205 2153 the
1229 2123 1302 2163 city.
1364 2123 1452 2154 Now
1474 2123 1530 2156 the

160 2166 367 2208 Apparently
411 2163 556 2196 Petilius'
594 2164 722 2204 cavalry
759 2164 813 2194 ad·
873 2165 983 2196 attack
1012 2165 1049 2195 of
1072 2165 1127 2196 the
1155 2165 1285 2206 cavalry
1306 2175 1349 2196 on
1376 2166 1433 2198 the
1453 2172 1530 2208 gate

158 2210 284 2241 vanced
321 2209 418 2249 again
451 2209 495 2248 by
525 2208 580 2239 the
610 2218 698 2238 same
728 2218 809 2248 way,
874 2218 940 2238 was
957 2208 1142 2247 successful,
1162 2209 1220 2240 but
1236 2209 1330 2240 those
1347 2209 1421 2241 who
1437 2220 1530 2242 came

159 2253 234 2289 and,
255 2253 352 2293 being
375 2252 564 2293 supported,
585 2251 650 2282 and
668 2250 814 2291 opposed
875 2251 956 2282 from
974 2251 1028 2282 the
1050 2252 1138 2283 main
1160 2252 1249 2292 body
1264 2252 1309 2293 by
1324 2262 1411 2284 cross
1433 2253 1530 2285 roads

159 2304 194 2327 to
210 2306 313 2326 worse
330 2303 452 2336 troops,
471 2295 535 2325 had
554 2295 660 2325 better
675 2304 810 2324 success
875 2300 908 2325 to
925 2301 1060 2335 support
1077 2296 1100 2327 it
1117 2306 1202 2326 were
1217 2294 1294 2326 held
1311 2295 1344 2326 in
1360 2295 1472 2328 check.

202 2341 308 2369 trlnls
323 2341 359 2369 et
374 2340 448 2375 lpse
472 2337 669 2376 praestans]
697 2337 814 2368 ‘Like-
917 2336 937 2367 6
960 2340 997 2368 tn
1013 2346 1134 2375 campo
1157 2337 1298 2380 Martio]
1323 2338 1446 2370 Which
1461 2349 1530 2371 was

159 2382 238 2412 wisc
255 2382 285 2412 in
311 2381 400 2412 three
417 2379 610 2418 divisions;’
635 2380 745 2411 varied
768 2379 817 2410 sor
875 2380 998 2411 skirted
1026 2381 1068 2421 by
1094 2381 1150 2413 the
1176 2381 1270 2412 other
1296 2386 1362 2413 two
1388 2382 1471 2414 lines
1496 2382 1535 2414 of

159 2424 311 2464 variety⁷s
346 2424 423 2455 sake
461 2423 544 2455 from
577 2424 730 2465 tripertito
763 2434 816 2464 ag·
875 2424 1005 2455 assault.

161 2469 255 2499 mine.
919 2468 985 2498 Cir.
1018 2467 1222 2498 LXXXIII.
1264 2475 1277 2498 1
1305 2469 1380 2506 hos,
1405 2475 1529 2500 rursus

202 2510 436 2550 4eonfl1ctat1]
457 2509 628 2551 ‘Roughly
637 2509 781 2541 handled
793 2507 816 2547 ;’
874 2509 967 2551 mos]
995 2510 1040 2541 So
1055 2510 1172 2548 above,
1192 2518 1243 2542 22.
1265 2518 1292 2551 3.

1633 115 1654 177 23

1642 233 1654 252 g.
