1654 2694
166 86 221 136 48
573 84 879 127 CORNELII
913 84 1131 127 TACITI

166 188 308 227 nimius
337 189 418 238 jam
453 188 662 235 Antonius,
695 196 733 228 et
766 189 931 228 certiora
964 202 1013 228 ex
1047 188 1237 228 Muciano
1270 189 1537 240 sperabantur.

168 261 350 309 Namque
374 259 594 306 Mucianus,
617 267 697 298 tam
718 259 833 299 celeri
854 259 1016 299 victoria
1043 259 1193 310 anxius,
1215 266 1265 307 et,
1287 259 1327 298 ni
1355 271 1541 310 praesens
1561 262 1582 289 2

167 331 262 369 urbe
283 330 482 380 potiretur,
505 338 703 380 expertem
723 343 766 369 se
785 332 878 370 belli
898 330 1122 381 gloriaeque
1150 338 1265 377 ratus,
1286 330 1337 369 ad
1367 331 1541 369 Primum

168 410 206 439 et
241 402 387 438 Varum
422 400 552 438 media
585 400 839 451 scriptitabat,
871 400 1095 439 instandum
1131 399 1281 450 coeptis
1314 407 1381 439 aut
1413 413 1543 440 rursus

168 470 379 509 cunctandi
413 470 600 509 utilitates
634 470 864 518 edisserens,
898 479 1016 521 atque
1054 470 1108 509 ita
1145 469 1387 521 compositus
1419 477 1462 510 ut
1494 483 1544 510 ex

169 550 311 581 eventu
357 554 485 579 rerum
531 541 695 581 adversa
737 543 925 580 abnueret
967 542 1029 580 vel
1072 554 1258 592 prospera
1299 549 1540 592 agnosceret.

169 611 340 650 Plotium
362 611 565 661 Griphum,
587 625 711 662 nuper
730 625 754 650 a
773 612 1018 663 Vespasiano
1039 611 1078 650 in
1099 610 1335 651 senatorium
1364 611 1543 650 ordinem
1563 609 1583 648 3

168 681 346 720 additum
367 694 412 719 ac
433 681 577 731 legioni
598 681 876 732 praepositum,
899 690 1128 732 ceterosque
1149 681 1223 720 sibi
1243 682 1344 720 fidos
1372 680 1543 731 apertius

169 750 332 789 monuit.
393 751 528 800 Hique
549 763 686 790 omnes
707 751 757 790 de
778 752 1027 790 festinatione
1053 751 1170 790 Primi
1199 764 1247 790 ac
1266 749 1361 789 Vari
1391 749 1544 790 sinistre
1563 750 1588 784 4

168 828 207 860 et
229 820 420 859 Muciano
440 820 614 859 volentia
633 821 876 871 rescripsere.
935 820 1090 870 Quibus
1107 819 1283 870 epistolis
1298 819 1545 870 Vespasiano

169 890 297 930 missis
331 892 524 938 effecerat,
560 899 602 929 ut
634 904 716 930 non
749 904 820 941 pro
854 904 923 942 spe
961 890 1124 929 Antonii
1161 889 1327 930 consilia
1363 891 1545 941 factaque

89 974 146 1020 53
169 963 252 1011 ejus
285 962 591 1000 aestimarentur.
649 964 778 1012 Aegre
811 962 850 1000 id
885 961 966 1012 pati
999 961 1208 1009 Antonius,
1243 969 1282 1000 et
1315 961 1471 1012 culpam
1503 961 1545 1000 in

169 1033 401 1070 Mucianum
423 1033 609 1079 conferre,
631 1033 742 1081 cujus
762 1031 1098 1070 criminationibus
1119 1031 1344 1071 eviluissent
1372 1032 1546 1082 pericula

169 1115 250 1141 sua.
327 1104 415 1141 Nec
463 1101 709 1141 sermonibus
756 1102 1010 1152 temperabat,
1060 1101 1281 1141 inmodicus
1328 1102 1460 1152 lingua
1505 1109 1547 1141 et

169 1173 348 1223 obsequii
378 1173 562 1212 insolens.
621 1172 788 1212 Litteras
816 1173 868 1211 ad
897 1172 1185 1222 Vespasianum
1214 1173 1437 1223 composuit
1466 1172 1546 1222 jac·
1564 1175 1594 1206 2.

169 1244 313 1282 tantius
343 1257 460 1293 quam
490 1243 541 1281 ad
569 1242 799 1293 principem,
829 1255 905 1281 nec
938 1242 1022 1281 sine
1055 1242 1211 1280 occulta
1245 1241 1285 1280 in
1313 1241 1546 1280 Mucianum

169 1313 454 1352 insectatione:
495 1327 536 1352 se
571 1312 819 1352 Pannonicas
856 1311 1031 1363 legiones
1064 1311 1104 1350 in
1137 1324 1245 1350 arma
1277 1311 1402 1362 egisse
1418 1326 1430 1361 3
1466 1310 1546 1351 suis

170 1385 335 1423 stimulis
377 1369 525 1423 excitos
568 1383 749 1422 Moesiae
791 1383 926 1432 duces,
969 1395 1039 1421 sua
1080 1381 1302 1421 constantia
1342 1390 1547 1434 perruptas

170 1456 303 1506 Alpes,
326 1462 561 1505 occupatam
583 1453 750 1501 Italiam,
772 1452 987 1503 intersepta
1007 1454 1294 1492 Germanorum
1316 1454 1547 1492 Raetorum-

493 1524 615 1573 Quod
648 1523 849 1564 discordes
885 1523 1158 1574 dispersasque
1191 1523 1340 1562 Vitellii
1373 1523 1587 1574 legionesa

171 1595 339 1646 equestri
355 1595 540 1645 procella,
557 1607 649 1633 mox
665 1593 841 1644 peditum
857 1594 894 1631 vi
909 1606 979 1644 per
993 1593 1099 1632 diem
1116 1600 1351 1643 noctemque
1371 1592 1546 1642 fudisset,

173 1665 213 1703 id
234 1664 536 1716 pulcherrimum
557 1672 595 1702 et
616 1663 673 1702 sui
694 1663 834 1714 operis.
894 1664 1041 1703 Casum
1063 1665 1284 1703 Cremonae
1303 1664 1410 1702 bello
1438 1663 1548 1714 inpu-
1566 1667 1592 1702 4

171 1735 361 1774 tandum:
405 1736 553 1784 majore
591 1735 750 1781 damno,
786 1732 951 1783 plurium
991 1733 1145 1771 urbium
1184 1731 1358 1779 excidiis,
1396 1740 1548 1774 veteres

170 1539 247 1576 que
280 1525 434 1564 auxilia.

171 1805 313 1843 civium
335 1804 551 1843 discordias
571 1803 624 1843 rei
644 1803 826 1854 publicae
847 1804 1010 1842 stetisse.

172 1876 358 1927 epistolis,
381 1876 451 1914 sed
471 1888 590 1914 manu
610 1882 649 1914 et
668 1874 786 1913 armis
814 1873 1042 1925 imperatori
1071 1886 1142 1912 suo
1170 1873 1346 1913 militare.

215 1996 234 2019 2
257 1990 384 2029 media]
418 1987 549 2018 Almost
576 1987 630 2028 i.q.
661 1985 824 2026 ambigua,

174 2032 184 2047 ⁴
195 2031 323 2063 neither
338 2042 400 2063 one
416 2041 487 2071 way
503 2041 564 2061 nor
579 2030 633 2061 the
649 2027 767 2060 other)

216 2082 235 2115 3
258 2074 438 2113 Griphum]
463 2074 502 2105 iv.
525 2081 574 2114 39.
600 2081 626 2110 1,
645 2081 696 2112 40.
717 2081 747 2111 4.

215 2120 375 2155 apertius
422 2119 559 2148 monult
610 2126 686 2156 may
732 2125 828 2146 mean

171 2161 276 2193 either
293 2163 300 2176 ‘
311 2161 352 2192 he
364 2172 446 2202 gave
459 2161 547 2192 them
561 2159 681 2190 clearer
693 2158 828 2189 instruc-

172 2204 276 2236 tion&
293 2215 327 2235 as
349 2212 383 2235 to
399 2204 483 2235 their
506 2203 657 2239 conduct,
676 2212 713 2232 or
734 2201 830 2232 fuller

172 2247 316 2279 avowals
343 2247 380 2279 os
406 2248 456 2278 his
482 2257 557 2277 own
585 2245 733 2282 motives‚
763 2243 828 2275 and

173 2291 228 2322 the
256 2291 396 2332 position
421 2291 461 2322 he
484 2288 676 2321 considered
698 2287 834 2319 himself

173 2340 208 2365 to
223 2333 312 2365 hold.

215 2386 236 2415 4
258 2376 424 2415 volentia]
450 2377 495 2407 So
516 2376 610 2406 Ann.
637 2385 688 2405 xv.
717 2373 766 2415 36.
795 2373 825 2412 6,

172 2420 246 2450 haec
261 2425 355 2461 alque
369 2420 448 2450 talia
462 2419 548 2460 plflai
561 2418 696 2449 volentia
709 2417 829 2459 ficere;

174 2462 254 2495 Sall.
275 2464 360 2494 Hist.
383 2463 422 2494 iv.
444 2473 470 2494 c.
493 2469 520 2503 5.
549 2461 585 2493 fr.
615 2468 666 2502 57,
692 2460 829 2492 volentia

170 2506 253 2548 plebi
256 2507 412 2547 facturus
427 2505 609 2538 habebatur.

1070 1804 1164 1842 Non
1184 1815 1225 1842 se
1246 1802 1391 1842 nuntiis
1418 1817 1548 1855 neque

1404 1875 1548 1925 Neque

935 1984 1003 2016 Cir.
1032 1985 1130 2016 LIII.
1162 1993 1174 2016 1
1200 1987 1394 2017 inmotncus
1413 1985 1548 2026 uma]

892 2028 988 2060 More
1009 2028 1155 2070 frequent
1172 2028 1253 2060 with
1276 2039 1361 2070 gem,
1380 2029 1438 2060 but
1462 2029 1501 2061 cf.
1521 2029 1543 2062 i.
1566 2027 1573 2032 ’

892 2071 943 2110 69.
959 2080 977 2102 2
993 2083 1001 2110 ;
1025 2072 1164 2103 modicus
1175 2071 1321 2104 likewise
1332 2072 1392 2104 has
1408 2071 1463 2104 the
1478 2072 1543 2104 abl.

892 2115 925 2146 in
942 2116 1034 2146 Ann.
1056 2115 1097 2146 vi.
1119 2123 1170 2155 30.
1192 2123 1221 2156 3.

936 2166 955 2189 2
978 2158 1185 2198 componun]
1224 2158 1340 2190 Wrote
1362 2157 1397 2189 in
1419 2157 1548 2190 studied

892 2201 1063 2243 language.

935 2253 972 2275 se
995 2268 1002 2276 .
1028 2268 1035 2276 .
1061 2268 1068 2276 .
1094 2244 1217 2284 egisse]
1240 2244 1272 2276 ii.
1294 2243 1344 2276 86.
1369 2252 1394 2276 1.

935 2296 1000 2319 sua
1022 2287 1234 2327 constantia]
1259 2287 1386 2326 Above,
1406 2295 1435 2319 2.
1455 2295 1486 2328 3.

937 2339 955 2371 3
979 2333 1133 2367 equestri
1152 2330 1318 2369 procella]
1341 2338 1370 2362 2.
1391 2329 1422 2368 8,
1445 2329 1492 2362 16.
1513 2338 1545 2368 2,

894 2381 924 2414 3,
943 2373 1035 2405 show
1057 2374 1134 2405 how
1149 2373 1247 2405 much
1274 2373 1339 2404 and
1365 2373 1441 2405 how
1463 2373 1549 2405 little

892 2417 934 2449 he
949 2417 1105 2449 deserved
1123 2416 1178 2448 the
1194 2416 1296 2448 credit
1311 2417 1354 2448 he
1369 2416 1519 2448 claimed.

934 2469 957 2499 4
991 2460 1096 2500 bello]
1133 2459 1185 2491 To
1214 2459 1270 2492 the
1298 2459 1365 2492 fact
1393 2459 1432 2492 of
1455 2459 1549 2492 there

891 2503 991 2545 being
1006 2514 1073 2535 war
1087 2508 1122 2535 at
1137 2503 1191 2535 all.
