1654 2694
452 139 910 182 HISTORIARUM
946 139 1030 180 111.
1065 149 1129 192 77.
1427 149 1479 192 73

99 242 257 281 fratrem
291 241 546 293 imperatoris,
578 245 675 282 alter
703 251 927 282 consortem
961 242 1113 294 imperii
1147 242 1346 294 cogitaret.
1405 243 1481 282 Sed
1504 252 1527 283 4

99 312 281 351 Vitellius
301 313 474 352 consulis
495 313 731 364 supplicium
753 314 932 364 poscenti
952 315 1102 364 populo
1128 313 1281 362 restitit,
1304 314 1483 363 placatus

97 396 144 423 ac
163 385 271 423 velut
292 385 417 423 vicem
437 385 617 433 reddens,
641 385 748 435 quod
768 384 1098 435 interrogantibus
1121 384 1207 434 quis
1239 383 1482 434 Capitolium

98 453 339 493 incendisset
359 468 400 494 se
420 468 529 494 reum
552 455 707 494 Atticus
736 455 941 500 obtulerat,
959 468 1088 504 ‘eaque
1118 454 1381 502 confessione,
1403 454 1483 493 sive

99 532 236 575 aptum
257 525 424 575 tempori
445 525 695 564 mendacium
712 524 795 572 fuit,
814 524 1003 563 invidiam
1025 524 1252 575 crimenque
1274 524 1483 575 agnovisse

100 602 139 634 et
159 608 182 633 a
200 595 374 646 partibus
395 596 544 635 Vitellii
565 596 748 634 amolitus
767 596 985 634 videbatur.

21 659 80 718 76
155 666 303 704 Iisdem
334 667 472 705 diebus
502 668 543 704 L.
568 665 762 714 Vitellius,
792 665 932 716 positis
960 665 1065 716 apud
1095 664 1305 704 Feroniam
1337 664 1484 711 castris,

101 735 255 774 excidio
284 736 519 774 Tarracinae
553 735 796 784 imminebat,
829 734 970 774 clausis
1004 735 1083 773 illic
1117 734 1398 785 gladiatoribus
1431 748 1487 773 re-

100 806 357 856 migibusque,
379 806 445 855 qui
466 818 547 844 non
567 805 698 855 egredi
719 805 877 845 moenia
897 818 1026 855 neque
1046 804 1264 855 periculum
1285 804 1325 843 in
1350 813 1487 854 aperto

101 877 312 915 audebant.
371 877 564 924 Praeerat,
587 883 629 914 ut
650 888 766 925 supra
795 875 1110 922 memoravimus,
1133 875 1312 925 Julianus
1341 875 1488 925 gladia·
1508 885 1526 909 2

101 946 261 993 toribus,
279 945 517 997 Apollinaris
532 945 755 996 remigibus,
773 945 935 984 lascivia
951 945 1212 995 socordiaque
1227 945 1488 995 gladiatorum

101 1017 225 1067 magis
254 1030 374 1067 quam
402 1017 548 1055 ducum
578 1016 737 1055 similes.
796 1018 891 1055 Nou
919 1015 1071 1066 vigilias
1101 1029 1226 1066 agere,
1252 1028 1335 1054 non
1364 1015 1490 1054 intuta

101 1088 304 1126 moenium
324 1088 502 1126 firmare:
529 1095 650 1126 noctu
671 1086 815 1136 dieque
834 1086 930 1124 fluxi
955 1095 993 1125 et
1023 1099 1192 1125 amoena
1219 1086 1378 1125 litorum
1407 1099 1491 1136 per-

35 1174 38 1177 ·
103 1165 302 1205 sonantes,
338 1157 379 1195 in
412 1156 672 1195 ministerium
705 1158 818 1195 luxus
853 1155 1038 1206 dispersis
1072 1155 1270 1204 mili-tibus,
1302 1156 1351 1195 de
1384 1157 1490 1195 bello

102 1236 254 1267 tantum
288 1227 389 1267 inter
421 1227 604 1267 convivia
636 1228 912 1277 loquebantur.
971 1229 1125 1265 Paucos
1164 1234 1255 1265 ante
1294 1226 1377 1265 dies
1416 1226 1530 1270 dis-3

103 1306 273 1338 cesserat
293 1298 459 1349 Apinius
488 1298 593 1345 Tiro,
616 1298 812 1348 donisque
833 1310 879 1336 ac
907 1296 1086 1348 pecuniis
1116 1298 1257 1335 acerbe
1277 1310 1347 1347 per
1366 1297 1491 1334 muni-

103 1369 206 1419 cipia
221 1367 499 1418 conquirendis
518 1369 605 1418 plus
621 1367 791 1406 invidiae
814 1380 933 1417 quam
951 1367 1090 1405 virium
1111 1367 1285 1417 partibus
1301 1367 1488 1406 addebat.

23 1442 82 1490 77
103 1439 266 1479 Interim
295 1439 351 1477 ad
386 1439 428 1476 L.
463 1437 667 1476 Vitellium
701 1450 834 1476 servus
863 1437 1037 1488 Verginii
1069 1436 1276 1488 Capitonis
1309 1438 1488 1488 perfugit,

101 1510 389 1561 pollicitusque,
426 1509 457 1547 si
495 1508 732 1559 praesidium
766 1507 974 1558 acciperet,
1010 1520 1175 1546 vacuam
1208 1520 1339 1546 arcem
1371 1507 1489 1547 tradi-

101 1589 240 1620 turum.
301 1581 431 1619 Multa
466 1588 585 1619 nocte
624 1580 806 1619 cohortes
844 1580 1047 1630 expeditas
1095 1579 1256 1618 summis
1294 1579 1489 1617 montium

99 1652 202 1703 jugis
223 1665 338 1703 super
358 1659 474 1702 caput
494 1650 666 1690 hostium
687 1650 796 1689 sistit.
856 1651 957 1689 Inde
978 1650 1089 1689 miles
1111 1650 1161 1688 ad
1182 1651 1347 1690 caedem
1367 1649 1490 1700 magis
1511 1663 1530 1687 2

102 1736 220 1773 quarn
268 1722 318 1761 ad
366 1735 538 1773 pugnam
586 1722 765 1761 decurrit.
839 1722 1024 1760 Sternunt
1071 1721 1243 1760 inermos
1281 1728 1348 1759 aut
1384 1734 1492 1759 arma

103 1793 314 1844 capientes,
343 1801 384 1832 et
413 1793 606 1843 quosdam
635 1805 776 1831 somno
803 1792 966 1840 excitos,
998 1806 1088 1831 cum
1118 1791 1301 1841 tenebris,
1333 1805 1489 1842 pavore,

103 1864 233 1903 sonitu
249 1865 440 1911 tubarum,
457 1865 628 1903 clamore
644 1863 775 1902 hostili
791 1864 1046 1902 turbarentur.
1096 1862 1217 1901 Pauci
1231 1862 1492 1913 gladiatorum
1514 1864 1532 1901 3

102 1935 328 1974 resistentes
348 1948 476 1984 neque
496 1934 609 1973 inulti
629 1934 820 1973 cecidere.
869 1934 1000 1974 Ceteri
1019 1934 1071 1972 ad
1091 1947 1211 1973 naves
1230 1935 1406 1981 ruebant,
1424 1933 1492 1971 ubi

103 2013 247 2044 cuncta
274 2005 356 2055 pari
385 2005 592 2045 formidine
622 2005 921 2055 inplicabantur,
953 2005 1153 2055 permixtis
1187 2004 1361 2055 paganis,
1393 2017 1492 2054 quos

103 2077 212 2115 nullo
233 2076 456 2115 discrimine
485 2077 687 2116 Vitelliani
716 2076 974 2116 trucidabant.
1033 2078 1108 2115 Sex
1138 2076 1372 2114 Liburnicae
1393 2075 1493 2113 inter

109 2164 269 2205 ‘thought
285 2162 438 2195 himself!
481 2164 640 2205 Cogitaret
654 2164 764 2205 nearly
831 2164 921 2195 three
948 2163 1042 2195 miles
1069 2163 1154 2194 from
1181 2163 1370 2201 Tarracina,
1403 2163 1486 2194 Hor.

106 2210 353 2249 :cogitaturus
367 2212 447 2238 essct.
832 2208 899 2238 Sat.
928 2207 946 2238 i.
977 2214 1005 2248 5.
1035 2215 1077 2246 24
1098 2218 1158 2248 sq„
1185 2206 1251 2237 and
1275 2217 1361 2247 supr.
1390 2213 1440 2247 57.
1459 2215 1489 2244 2,

147 2261 170 2291 4
191 2251 420 2289 confessione]
467 2250 540 2281 The
577 2250 669 2281 word
707 2251 766 2281 im·
833 2259 862 2291 3,
882 2251 992 2282 where
1008 2250 1077 2281 also
1094 2261 1144 2280 we
1160 2249 1239 2280 hear
1256 2249 1292 2280 of
1305 2250 1395 2281 Tiro.

104 2295 188 2337 plies
219 2295 274 2326 the
306 2295 394 2325 truth
420 2293 457 2325 of
483 2294 539 2325 the
565 2300 654 2335 story
680 2294 762 2329 told,
875 2293 1120 2332 personantes]
1174 2292 1268 2323 With
1306 2293 1362 2324 the
1400 2293 1494 2325 noise

105 2340 209 2370 hence
225 2339 374 2380 opposed
393 2344 426 2369 to
439 2338 504 2368 sive
525 2362 531 2368 .
561 2361 568 2369 .
597 2361 604 2368 .
634 2338 763 2368 menda*
835 2338 947 2378 (songs
963 2337 1029 2367 and
1049 2337 1155 2374 other)
1178 2336 1218 2367 of
1229 2336 1314 2367 their
1335 2335 1488 2378 festivity.

105 2384 190 2414 cium
198 2382 273 2423 fuit
284 2392 298 2419 ‚·
331 2392 368 2413 so
400 2381 599 2420 (whichever
628 2382 766 2422 reading
835 2381 900 2412 For
931 2380 986 2411 the
1010 2385 1077 2410 sort
1100 2379 1138 2410 of
1160 2380 1220 2410 site
1247 2379 1325 2410 held
1354 2380 1494 2412 suitable

105 2427 148 2458 be
163 2425 322 2467 adopted)
341 2425 373 2456 in
390 2425 410 2456 i.
427 2433 478 2464 42.
501 2433 529 2455 2.
833 2424 883 2455 sor
906 2434 925 2454 a
950 2423 1155 2464 Campanian
1179 2423 1297 2464 pienic‚
1317 2433 1371 2454 see
1394 2425 1488 2455 Ann.

150 2469 216 2500 CH.
255 2469 420 2499 LXXVI.
458 2467 651 2506 Feroniam]
693 2467 766 2498 The
834 2468 874 2499 iv.
897 2474 948 2507 59.
972 2475 1000 2498 2.

107 2512 219 2544 sacred
250 2512 363 2554 spring
393 2511 431 2543 of
454 2511 509 2543 the
532 2511 676 2552 goddess
698 2521 765 2542 was
879 2511 944 2542 CH.
992 2509 1174 2541 LXXVII.
1225 2510 1387 2550 vacuam]
1444 2512 1493 2542 As
