1654 2694
449 123 908 166 HISTORIARUM
944 124 1018 165 IV.
1052 134 1117 177 70.
1397 135 1470 179 153

89 229 192 269 tilius
219 228 328 268 Felix
357 241 447 268 cum
476 228 683 267 auxiliariis
714 228 940 268 cohortibus
968 243 1039 280 per
1068 228 1251 268 Raetiam
1280 230 1471 280 inrupere.

88 300 267 340 Accessit
299 301 362 339 ala
394 300 665 350 Singularium,
702 300 829 339 excita
862 301 954 339 olim
990 312 1014 338 a
1045 300 1218 348 Vitellio,
1255 301 1398 340 deinde
1431 302 1473 339 in

87 379 216 422 partes
252 370 487 421 Vespasiani
525 379 773 421 transgressa.
834 373 1016 409 Praeerat
1049 371 1177 421 Julius
1216 371 1468 422 Briganticus,

87 455 219 482 sorore
254 442 389 482 Civilis
423 441 587 492 genitus,
622 449 665 480 ut
698 443 818 480 ferme
853 443 1040 481 acerrima
1073 442 1340 492 proximorum
1379 443 1471 481 odia

87 521 186 562 sunt,
204 512 351 552 invisus
367 513 561 552 avonculo
577 513 840 563 infensusque.
900 514 1026 551 Tutor
1045 514 1302 552 Treverorum
1322 514 1468 564 copias,
1490 517 1514 549 4

85 585 234 623 recenti
253 583 517 634 Vangionum‚
542 583 825 631 Caeracatium,
848 583 1109 622 Tribocorum
1139 585 1294 623 delectu
1323 593 1468 633 auctas,

83 662 270 694 veterano
290 654 422 705 pedite
443 662 561 704 atque
586 654 717 704 equite
745 653 922 703 firmavit,
945 655 1135 705 corruptis
1165 668 1234 705 spe
1268 663 1334 694 aut
1363 664 1470 695 metu

84 724 256 764 subactis
272 724 493 775 legionariis
511 739 517 763 :
543 724 609 774 qui
625 724 751 775 primo
769 725 983 773 cohortem,
1001 726 1254 776 praemissam
1270 740 1292 765 a
1308 726 1469 765 Sextilio

83 795 227 845 Felice,
262 795 526 843 interficiunt3
558 809 652 834 mox
684 795 753 834 ubi
787 798 921 836 Duces
956 797 1226 847 exercitusque
1262 799 1468 836 Romanus

81 866 411 917 propinquabant,
448 867 616 905 honesto
652 866 864 917 transfugio
898 867 1072 906 rediere:
1111 868 1252 906 secutis
1287 868 1468 907 Tribocis

80 936 433 987 Vangionibusque
463 944 502 975 et
531 937 823 976 Caeracatibus.
882 939 1018 986 Tutor,
1041 937 1220 976 Treveris
1250 938 1507 979 comitanti-5

79 1007 165 1056 bus,
187 1007 309 1046 vitato
340 1007 611 1057 Mogontiaco,
639 1007 820 1058 Bingium
850 1009 1056 1056 concessit,
1088 1009 1212 1047 fidens
1241 1011 1343 1057 loco,
1375 1009 1466 1059 quia

41 1080 44 1084 ’
79 1084 243 1127 pontem
282 1080 420 1117 Navae
458 1077 629 1117 fluminis
670 1079 890 1128 abruperat,
926 1079 996 1117 sed
1034 1079 1192 1118 incursu
1231 1080 1463 1129 cohortium,

80 1161 177 1198 quas
210 1148 392 1188 Sextilius
427 1149 611 1196 ducebat,
643 1156 681 1187 et
714 1156 869 1199 reperto
903 1150 1017 1197 vado,
1052 1150 1231 1200 proditus
1264 1151 1462 1200 fususque.

80 1220 140 1257 Ea
160 1219 272 1258 clade
300 1219 469 1270 perculsi
491 1219 662 1269 Treveri,
685 1227 724 1258 et
752 1221 899 1270 plebes,
923 1220 1075 1259 omissis
1105 1221 1232 1269 armis,
1254 1235 1323 1272 per
1351 1235 1463 1272 agros

76 1290 240 1339 palatur.
300 1289 474 1339 Quidam
503 1290 738 1341 principum,
760 1299 803 1330 ut
831 1291 947 1341 primi
975 1291 1155 1342 posuisse
1184 1293 1331 1331 bellum
1359 1292 1464 1332 vide·
1483 1287 1506 1324 6

77 1368 220 1410 rentur,
242 1360 283 1399 in
302 1361 490 1409 civitates,
514 1375 614 1412 quae
635 1362 867 1401 societatem
897 1364 1121 1401 Romanam
1149 1377 1231 1402 non
1261 1372 1460 1411 exuerant,

77 1433 340 1483 perfugerunt.
400 1433 596 1483 Legiones
621 1447 643 1472 a
672 1436 710 1472 N
715 1433 848 1473 ovesio
880 1435 1097 1484 Bonnaque
1126 1434 1167 1472 in
1195 1436 1398 1483 Treveros,
1420 1444 1462 1474 ut

77 1515 195 1553 supra
223 1505 538 1551 memoravimus,
560 1504 774 1552 traductae,
801 1517 842 1542 se
872 1503 980 1554 ipsae
1009 1504 1050 1542 in
1078 1505 1198 1543 verba
1226 1505 1462 1555 Vespasiani

78 1573 251 1625 adigunt.
311 1576 427 1614 Haec
447 1574 660 1614 Valentino
679 1576 842 1614 absente
863 1582 998 1625 gesta:
1029 1574 1097 1625 qui
1126 1575 1193 1613 ubi
1223 1576 1462 1614 adventabat
1482 1573 1501 1610 7

74 1645 218 1695 furens,
253 1653 475 1696 cunctaque
507 1659 638 1685 rursus
672 1645 712 1684 in
748 1647 881 1685 turbas
916 1654 954 1685 et
992 1646 1152 1685 exitium
1190 1659 1459 1696 conversurus,

74 1715 249 1766 legiones
293 1716 333 1755 in
382 1716 722 1766 Mediomatricos,
769 1717 916 1756 sociam
964 1717 1172 1766 civitatem,
1222 1718 1457 1757 abscessere.

75 1786 308 1826 Valentinus
347 1800 393 1826 ac
431 1789 558 1826 Tutor
595 1787 635 1825 in
673 1800 781 1826 arma
819 1790 1012 1826 Treveros
1049 1789 1278 1827 retrahunt:
1318 1788 1458 1827 occisis
1479 1786 1500 1822 8

76 1857 283 1897 Herennio
311 1871 358 1896 ac
387 1858 580 1906 Numisio,
604 1858 771 1910 Legatis,
804 1871 883 1908 quo
912 1858 1064 1898 minore
1093 1872 1162 1909 spe
1191 1859 1331 1899 veniae
1361 1873 1460 1899 cres-

73 1936 178 1968 ceret
197 1928 398 1967 vinculum
418 1929 584 1968 sceleris.

72 2025 247 2056 command
264 2025 480 2066 (practically)
493 2025 530 2057 of
537 2026 593 2057 the
611 2027 729 2068 Upper
839 2023 1074 2068 Briganticus]
1099 2026 1130 2057 ii.
1153 2035 1203 2057 22.
1225 2026 1253 2057 6.

71 2068 231 2100 Province
254 2068 292 2100 of
311 2069 486 2110 Germany,
510 2070 672 2101 Classicus
695 2070 734 2102 of
839 2079 956 2101 sorore
974 2095 980 2101 .
1001 2094 1008 2101 .
1030 2095 1036 2101 .
1058 2070 1211 2109 genitus]
1228 2070 1290 2101 See
1303 2081 1345 2100 on
1357 2077 1407 2110 33.
1429 2079 1456 2102 1.

70 2111 127 2143 the
158 2112 297 2143 Lower:
335 2112 412 2143 here
442 2113 467 2143 it
498 2123 600 2144 seems
625 2119 660 2145 to
685 2114 727 2145 be
838 2116 1093 2153 4Vangionum
1118 2138 1124 2144 .
1153 2138 1159 2144 .
1189 2115 1454 2154 ‚Tribocorum]

69 2155 253 2193 intimated,
288 2155 359 2186 that
389 2156 494 2187 Tutor
531 2158 724 2198 attempted,
795 2156 904 2188 These
926 2168 1012 2188 were
1038 2157 1183 2187 German
1208 2157 1318 2194 tribes,
1350 2158 1454 2189 Germ.

68 2198 128 2230 but
144 2205 202 2230 not
214 2198 293 2230 with
310 2198 468 2230 sufficient
482 2199 606 2240 vigour,
623 2206 657 2231 to
669 2211 726 2232 use
795 2199 844 2231 28.
858 2200 978 2239 4—the
989 2200 1122 2230 Triboci
1131 2200 1163 2230 in
1176 2201 1312 2231 modern
1321 2201 1451 2239 Alsace,

69 2242 126 2273 the
141 2242 228 2283 right
242 2253 405 2274 measures
418 2242 467 2274 for
482 2243 660 2285 desending
675 2244 725 2275 his
794 2244 849 2275 the
866 2244 1058 2285 Vangiones
1074 2244 1175 2274 about
1189 2244 1331 2274 XVorms.
1381 2244 1454 2276 The

69 2295 145 2317 own
160 2286 313 2327 position.
795 2287 990 2318 Caeracates
1021 2297 1076 2317 are
1106 2293 1164 2317 not
1195 2287 1389 2318 mentioned
1419 2288 1453 2319 in

112 2337 131 2370 3
154 2326 262 2371 Felix]
289 2329 332 2360 iii.
362 2335 390 2370 5.
413 2335 441 2370 5.
504 2329 560 2361 He
587 2340 655 2361 was
681 2341 725 2362 no
793 2331 848 2361 the
879 2332 1067 2370 Germany:
1104 2329 1183 2370 they
1211 2331 1371 2371 occupied
1396 2332 1454 2363 the

68 2371 172 2403 doubt
188 2373 254 2404 still
270 2373 306 2403 in
326 2373 452 2404 Raetia.
792 2374 869 2405 hills
899 2384 978 2405 over
1009 2373 1136 2413 Bingen
1159 2374 1224 2404 and
1249 2374 1370 2412 Mainz,
1396 2375 1452 2406 be-

110 2417 358 2455 Singularium]
401 2418 432 2447 A
457 2415 556 2448 select
579 2416 670 2457 body
692 2416 730 2448 of
793 2423 901 2449 tween
914 2417 970 2448 the
986 2416 1084 2447 Nahe
1100 2417 1165 2447 and
1182 2417 1237 2448 the
1255 2417 1374 2449 Rhine.

67 2455 174 2497 horse,
204 2459 279 2491 who
303 2459 428 2492 ranked
451 2466 528 2492 next
559 2459 640 2491 after
671 2460 726 2492 the
837 2459 857 2491 6
881 2460 1002 2499 supra]
1027 2459 1077 2490 62.
1104 2468 1130 2497 1,
1151 2466 1181 2500 5.

69 2500 283 2536 Praetorians.
838 2503 858 2536 8
881 2503 1032 2543 Lagaris]
1057 2510 1106 2544 59.
1124 2511 1153 2535 2.
