<?xml version="1.0" encoding="UTF-8"?>
<!DOCTYPE html PUBLIC "-//W3C//DTD XHTML 1.0 Transitional//EN"
    "http://www.w3.org/TR/xhtml1/DTD/xhtml1-transitional.dtd">
<html xmlns="http://www.w3.org/1999/xhtml" xml:lang="en" lang="en">
 <head>
  <title>
</title>
<meta http-equiv="Content-Type" content="text/html;charset=utf-8" />
  <meta name='ocr-system' content='tesseract 3.04.00' />
  <meta name='ocr-capabilities' content='ocr_page ocr_carea ocr_par ocr_line ocrx_word'/>
</head>
<body>
  <div class='ocr_page' id='page_1' title='image "./historiaehistory02taciuoft_0157.png"; bbox 0 0 1654 2694; ppageno 0'>
   <div class='ocr_carea' id='block_1_1' title="bbox 518 128 1538 183">
    <p class='ocr_par' dir='ltr' id='par_1_1' title="bbox 518 128 1538 183">
     <span class='ocr_line' id='line_1_1' title="bbox 518 128 1538 183; baseline 0.002 -14"><span class='ocrx_word' id='word_1_1' title='bbox 518 128 979 171; x_wconf 88' lang='lat' dir='ltr'>HISTORIARUM</span> <span class='ocrx_word' id='word_1_2' title='bbox 1015 129 1088 170; x_wconf 90' lang='lat' dir='ltr'>IV.</span> <span class='ocrx_word' id='word_1_3' title='bbox 1122 129 1187 171; x_wconf 83' lang='lat'>60.</span> <span class='ocrx_word' id='word_1_4' title='bbox 1463 142 1538 183; x_wconf 83' lang='lat'>143</span> 
     </span>
    </p>
   </div>
   <div class='ocr_carea' id='block_1_2' title="bbox 156 233 1540 424">
    <p class='ocr_par' dir='ltr' id='par_1_2' title="bbox 156 233 1540 424">
     <span class='ocr_line' id='line_1_2' title="bbox 157 233 1540 284; baseline 0.001 -12"><span class='ocrx_word' id='word_1_5' title='bbox 157 240 285 272; x_wconf 87' lang='lat' dir='ltr'>castra</span> <span class='ocrx_word' id='word_1_6' title='bbox 304 233 530 284; x_wconf 90' lang='lat' dir='ltr'>incorrupta</span> <span class='ocrx_word' id='word_1_7' title='bbox 551 241 589 272; x_wconf 94' lang='lat' dir='ltr'>et</span> <span class='ocrx_word' id='word_1_8' title='bbox 609 233 841 272; x_wconf 87' lang='lat' dir='ltr'>intemerata</span> <span class='ocrx_word' id='word_1_9' title='bbox 861 233 1014 282; x_wconf 87' lang='lat' dir='ltr'>servari,</span> <span class='ocrx_word' id='word_1_10' title='bbox 1036 244 1075 272; x_wconf 88' lang='lat' dir='ltr'>at</span> <span class='ocrx_word' id='word_1_11' title='bbox 1095 242 1199 273; x_wconf 91' lang='lat' dir='ltr'>certe</span> <span class='ocrx_word' id='word_1_12' title='bbox 1224 234 1348 284; x_wconf 87' lang='lat' dir='ltr'>pollui</span> <span class='ocrx_word' id='word_1_13' title='bbox 1377 235 1540 273; x_wconf 88' lang='lat' dir='ltr'>foedari-</span> 
     </span>
     <span class='ocr_line' id='line_1_3' title="bbox 1025 304 1540 344; baseline 0.004 -2"><span class='ocrx_word' id='word_1_14' title='bbox 1025 304 1220 343; x_wconf 90' lang='lat' dir='ltr'>Militibus</span> <span class='ocrx_word' id='word_1_15' title='bbox 1250 305 1444 343; x_wconf 88' lang='lat' dir='ltr'>Romanis</span> <span class='ocrx_word' id='word_1_16' title='bbox 1473 313 1540 344; x_wconf 89' lang='lat' dir='ltr'>aut</span> 
     </span>
     <span class='ocr_line' id='line_1_4' title="bbox 156 373 1539 424; baseline 0.001 -13"><span class='ocrx_word' id='word_1_17' title='bbox 156 373 424 412; x_wconf 83' lang='lat' dir='ltr'>innocentiam</span> <span class='ocrx_word' id='word_1_18' title='bbox 454 373 566 420; x_wconf 80' lang='lat' dir='ltr'>detis,</span> <span class='ocrx_word' id='word_1_19' title='bbox 598 382 664 414; x_wconf 90' lang='lat' dir='ltr'>aut</span> <span class='ocrx_word' id='word_1_20' title='bbox 693 382 885 412; x_wconf 89' lang='lat' dir='ltr'>maturam</span> <span class='ocrx_word' id='word_1_21' title='bbox 915 381 953 412; x_wconf 88' lang='lat' dir='ltr'>et</span> <span class='ocrx_word' id='word_1_22' title='bbox 983 374 1066 412; x_wconf 92' lang='lat' dir='ltr'>sine</span> <span class='ocrx_word' id='word_1_23' title='bbox 1096 387 1200 413; x_wconf 88' lang='lat' dir='ltr'>noxa</span> <span class='ocrx_word' id='word_1_24' title='bbox 1232 375 1539 424; x_wconf 89' lang='lat' dir='ltr'>paenitentiam.‘</span> 
     </span>
    </p>
   </div>
   <div class='ocr_carea' id='block_1_3' title="bbox 157 303 965 354">
    <p class='ocr_par' dir='ltr' id='par_1_3' title="bbox 157 303 965 354">
     <span class='ocr_line' id='line_1_5' title="bbox 157 303 965 354; baseline 0 -12"><span class='ocrx_word' id='word_1_25' title='bbox 157 317 234 354; x_wconf 89' lang='lat' dir='ltr'>que</span> <span class='ocrx_word' id='word_1_26' title='bbox 253 317 276 341; x_wconf 90' lang='lat' dir='ltr'>a</span> <span class='ocrx_word' id='word_1_27' title='bbox 296 306 444 342; x_wconf 86' lang='lat' dir='ltr'>Tutore</span> <span class='ocrx_word' id='word_1_28' title='bbox 466 311 504 342; x_wconf 89' lang='lat' dir='ltr'>et</span> <span class='ocrx_word' id='word_1_29' title='bbox 533 303 711 343; x_wconf 88' lang='lat' dir='ltr'>Classico</span> <span class='ocrx_word' id='word_1_30' title='bbox 739 317 790 342; x_wconf 91' lang='lat' dir='ltr'>ne</span> <span class='ocrx_word' id='word_1_31' title='bbox 820 303 965 342; x_wconf 85' lang='lat' dir='ltr'>sinatis.</span> 
     </span>
    </p>
   </div>
   <div class='ocr_carea' id='block_1_4' title="bbox 69 438 1577 1839">
    <p class='ocr_par' dir='ltr' id='par_1_4' title="bbox 77 438 1539 707">
     <span class='ocr_line' id='line_1_6' title="bbox 77 438 1536 495; baseline 0 -11"><span class='ocrx_word' id='word_1_32' title='bbox 77 438 136 484; x_wconf 89' lang='grc'>59</span> <span class='ocrx_word' id='word_1_33' title='bbox 156 445 275 483; x_wconf 87' lang='lat' dir='ltr'>Varie</span> <span class='ocrx_word' id='word_1_34' title='bbox 310 452 476 494; x_wconf 87' lang='lat' dir='ltr'>excepta</span> <span class='ocrx_word' id='word_1_35' title='bbox 515 444 651 491; x_wconf 91' lang='lat' dir='ltr'>oratio,</span> <span class='ocrx_word' id='word_1_36' title='bbox 692 444 794 482; x_wconf 88' lang='lat' dir='ltr'>inter</span> <span class='ocrx_word' id='word_1_37' title='bbox 831 457 941 494; x_wconf 92' lang='lat' dir='ltr'>spem</span> <span class='ocrx_word' id='word_1_38' title='bbox 980 452 1208 494; x_wconf 88' lang='lat' dir='ltr'>metumque</span> <span class='ocrx_word' id='word_1_39' title='bbox 1247 459 1293 483; x_wconf 89' lang='lat' dir='ltr'>ac</span> <span class='ocrx_word' id='word_1_40' title='bbox 1331 446 1536 495; x_wconf 88' lang='lat' dir='ltr'>pudorem.</span> 
     </span>
     <span class='ocr_line' id='line_1_7' title="bbox 158 514 1539 565; baseline 0 -12"><span class='ocrx_word' id='word_1_41' title='bbox 158 515 389 565; x_wconf 85' lang='lat' dir='ltr'>Digressum</span> <span class='ocrx_word' id='word_1_42' title='bbox 419 517 628 561; x_wconf 87' lang='lat' dir='ltr'>Voculam,</span> <span class='ocrx_word' id='word_1_43' title='bbox 653 523 690 553; x_wconf 90' lang='lat' dir='ltr'>et</span> <span class='ocrx_word' id='word_1_44' title='bbox 720 515 769 553; x_wconf 91' lang='lat' dir='ltr'>de</span> <span class='ocrx_word' id='word_1_45' title='bbox 798 514 989 564; x_wconf 79' lang='lat' dir='ltr'>supremis</span> <span class='ocrx_word' id='word_1_46' title='bbox 1018 516 1243 564; x_wconf 80' lang='lat' dir='ltr'>agitantem,</span> <span class='ocrx_word' id='word_1_47' title='bbox 1268 515 1397 553; x_wconf 86' lang='lat' dir='ltr'>liberti</span> <span class='ocrx_word' id='word_1_48' title='bbox 1427 515 1539 554; x_wconf 88' lang='lat' dir='ltr'>servi-</span> 
     </span>
     <span class='ocr_line' id='line_1_8' title="bbox 157 585 1539 636; baseline 0.001 -12"><span class='ocrx_word' id='word_1_49' title='bbox 157 599 233 636; x_wconf 86' lang='lat' dir='ltr'>que</span> <span class='ocrx_word' id='word_1_50' title='bbox 254 586 502 636; x_wconf 85' lang='lat' dir='ltr'>prohibuere,</span> <span class='ocrx_word' id='word_1_51' title='bbox 524 585 792 624; x_wconf 81' lang='lat' dir='ltr'>foedissimam</span> <span class='ocrx_word' id='word_1_52' title='bbox 823 593 991 624; x_wconf 89' lang='lat' dir='ltr'>mortem</span> <span class='ocrx_word' id='word_1_53' title='bbox 1022 594 1162 635; x_wconf 89' lang='lat' dir='ltr'>sponte</span> <span class='ocrx_word' id='word_1_54' title='bbox 1191 586 1429 636; x_wconf 83' lang='lat' dir='ltr'>praevenire.</span> <span class='ocrx_word' id='word_1_55' title='bbox 1488 588 1539 625; x_wconf 86' lang='lat' dir='ltr'>Et</span> 
     </span>
     <span class='ocr_line' id='line_1_9' title="bbox 157 655 1535 707; baseline -0.001 -11"><span class='ocrx_word' id='word_1_56' title='bbox 157 656 366 703; x_wconf 83' lang='lat' dir='ltr'>Classicus,</span> <span class='ocrx_word' id='word_1_57' title='bbox 390 656 511 694; x_wconf 89' lang='lat' dir='ltr'>misso</span> <span class='ocrx_word' id='word_1_58' title='bbox 537 656 708 694; x_wconf 90' lang='lat' dir='ltr'>Aemilio</span> <span class='ocrx_word' id='word_1_59' title='bbox 739 655 932 706; x_wconf 85' lang='lat' dir='ltr'>Longino,</span> <span class='ocrx_word' id='word_1_60' title='bbox 956 656 1153 695; x_wconf 88' lang='lat' dir='ltr'>desertore</span> <span class='ocrx_word' id='word_1_61' title='bbox 1182 657 1330 706; x_wconf 80' lang='lat' dir='ltr'>primae</span> <span class='ocrx_word' id='word_1_62' title='bbox 1360 656 1535 707; x_wconf 84' lang='lat' dir='ltr'>legionis,</span> 
     </span>
    </p>

    <p class='ocr_par' dir='ltr' id='par_1_5' title="bbox 155 727 1575 778">
     <span class='ocr_line' id='line_1_10' title="bbox 155 727 1575 778; baseline 0.001 -13"><span class='ocrx_word' id='word_1_63' title='bbox 155 727 319 766; x_wconf 87' lang='lat' dir='ltr'>caedem</span> <span class='ocrx_word' id='word_1_64' title='bbox 350 728 435 776; x_wconf 91' lang='lat' dir='ltr'>ejus</span> <span class='ocrx_word' id='word_1_65' title='bbox 464 727 681 765; x_wconf 88' lang='lat' dir='ltr'>maturavit.</span> <span class='ocrx_word' id='word_1_66' title='bbox 743 727 993 765; x_wconf 86' lang='lat' dir='ltr'>Herennium</span> <span class='ocrx_word' id='word_1_67' title='bbox 1023 735 1062 766; x_wconf 92' lang='lat' dir='ltr'>et</span> <span class='ocrx_word' id='word_1_68' title='bbox 1091 727 1327 775; x_wconf 84' lang='lat' dir='ltr'>Numisium,</span> <span class='ocrx_word' id='word_1_69' title='bbox 1353 730 1535 778; x_wconf 85' lang='lat' dir='ltr'>Legatos,</span> <span class='ocrx_word' id='word_1_70' title='bbox 1557 737 1575 761; x_wconf 89' lang='lat'><strong>2</strong></span> 
     </span>
    </p>

    <p class='ocr_par' dir='ltr' id='par_1_6' title="bbox 154 797 1534 849">
     <span class='ocr_line' id='line_1_11' title="bbox 154 797 1534 849; baseline 0.002 -15"><span class='ocrx_word' id='word_1_71' title='bbox 154 798 291 836; x_wconf 89' lang='lat' dir='ltr'>vinciri</span> <span class='ocrx_word' id='word_1_72' title='bbox 312 798 404 836; x_wconf 87' lang='lat' dir='ltr'>satis</span> <span class='ocrx_word' id='word_1_73' title='bbox 424 797 561 836; x_wconf 84' lang='lat' dir='ltr'>visum.</span> <span class='ocrx_word' id='word_1_74' title='bbox 622 797 738 845; x_wconf 84' lang='lat' dir='ltr'>Dein,</span> <span class='ocrx_word' id='word_1_75' title='bbox 757 797 923 847; x_wconf 89' lang='lat' dir='ltr'>sumptis</span> <span class='ocrx_word' id='word_1_76' title='bbox 940 798 1113 836; x_wconf 90' lang='lat' dir='ltr'>Romani</span> <span class='ocrx_word' id='word_1_77' title='bbox 1130 798 1290 848; x_wconf 91' lang='lat' dir='ltr'>Imperii</span> <span class='ocrx_word' id='word_1_78' title='bbox 1306 798 1534 849; x_wconf 82' lang='lat' dir='ltr'>insignibus,</span> 
     </span>
    </p>

    <p class='ocr_par' dir='ltr' id='par_1_7' title="bbox 152 868 1535 989">
     <span class='ocr_line' id='line_1_12' title="bbox 154 868 1535 918; baseline 0.001 -12"><span class='ocrx_word' id='word_1_79' title='bbox 154 868 194 906; x_wconf 88' lang='lat' dir='ltr'>in</span> <span class='ocrx_word' id='word_1_80' title='bbox 215 876 342 907; x_wconf 87' lang='lat' dir='ltr'>castra</span> <span class='ocrx_word' id='word_1_81' title='bbox 362 868 477 906; x_wconf 87' lang='lat' dir='ltr'>venit.</span> <span class='ocrx_word' id='word_1_82' title='bbox 538 870 625 906; x_wconf 90' lang='lat' dir='ltr'>Nec</span> <span class='ocrx_word' id='word_1_83' title='bbox 647 868 712 915; x_wconf 91' lang='lat' dir='ltr'>illi,</span> <span class='ocrx_word' id='word_1_84' title='bbox 735 881 974 918; x_wconf 87' lang='lat' dir='ltr'>quamquam</span> <span class='ocrx_word' id='word_1_85' title='bbox 995 869 1044 906; x_wconf 92' lang='lat' dir='ltr'>ad</span> <span class='ocrx_word' id='word_1_86' title='bbox 1065 882 1183 907; x_wconf 90' lang='lat' dir='ltr'>omne</span> <span class='ocrx_word' id='word_1_87' title='bbox 1203 868 1352 907; x_wconf 89' lang='lat' dir='ltr'>facinus</span> <span class='ocrx_word' id='word_1_88' title='bbox 1382 870 1535 916; x_wconf 88' lang='lat' dir='ltr'>durato,</span> 
     </span>
     <span class='ocr_line' id='line_1_13' title="bbox 152 938 1533 989; baseline 0.001 -13"><span class='ocrx_word' id='word_1_89' title='bbox 152 940 274 978; x_wconf 90' lang='lat' dir='ltr'>verba</span> <span class='ocrx_word' id='word_1_90' title='bbox 306 940 404 977; x_wconf 85' lang='lat' dir='ltr'>ultra</span> <span class='ocrx_word' id='word_1_91' title='bbox 437 938 750 989; x_wconf 86' lang='lat' dir='ltr'>suppeditavere,</span> <span class='ocrx_word' id='word_1_92' title='bbox 789 952 908 988; x_wconf 84' lang='lat' dir='ltr'>quam</span> <span class='ocrx_word' id='word_1_93' title='bbox 941 946 983 977; x_wconf 87' lang='lat' dir='ltr'>ut</span> <span class='ocrx_word' id='word_1_94' title='bbox 1017 948 1305 978; x_wconf 88' lang='lat' dir='ltr'>sacramentum</span> <span class='ocrx_word' id='word_1_95' title='bbox 1342 939 1533 978; x_wconf 83' lang='lat' dir='ltr'>recitaret.</span> 
     </span>
    </p>

    <p class='ocr_par' dir='ltr' id='par_1_8' title="bbox 152 1009 1574 1060">
     <span class='ocr_line' id='line_1_14' title="bbox 152 1009 1574 1060; baseline 0.001 -13"><span class='ocrx_word' id='word_1_96' title='bbox 152 1010 348 1058; x_wconf 86' lang='lat' dir='ltr'>Juravere,</span> <span class='ocrx_word' id='word_1_97' title='bbox 372 1009 438 1059; x_wconf 91' lang='lat' dir='ltr'>qui</span> <span class='ocrx_word' id='word_1_98' title='bbox 459 1009 633 1056; x_wconf 86' lang='lat' dir='ltr'>aderant,</span> <span class='ocrx_word' id='word_1_99' title='bbox 656 1022 728 1059; x_wconf 88' lang='lat' dir='ltr'>pro</span> <span class='ocrx_word' id='word_1_100' title='bbox 754 1009 927 1060; x_wconf 88' lang='lat' dir='ltr'>Imperio</span> <span class='ocrx_word' id='word_1_101' title='bbox 949 1010 1177 1048; x_wconf 89' lang='lat' dir='ltr'>Galliarum.</span> <span class='ocrx_word' id='word_1_102' title='bbox 1237 1012 1533 1049; x_wconf 89' lang='lat' dir='ltr'>Interfectorem</span> <span class='ocrx_word' id='word_1_103' title='bbox 1556 1011 1574 1048; x_wconf 88' lang='lat'>3</span> 
     </span>
    </p>

    <p class='ocr_par' dir='ltr' id='par_1_9' title="bbox 153 1080 1536 1131">
     <span class='ocr_line' id='line_1_15' title="bbox 153 1080 1536 1131; baseline 0.002 -14"><span class='ocrx_word' id='word_1_104' title='bbox 153 1082 331 1119; x_wconf 86' lang='lat' dir='ltr'>Voculae</span> <span class='ocrx_word' id='word_1_105' title='bbox 360 1082 448 1118; x_wconf 88' lang='lat' dir='ltr'>altis</span> <span class='ocrx_word' id='word_1_106' title='bbox 479 1080 695 1127; x_wconf 87' lang='lat' dir='ltr'>ordinibus,</span> <span class='ocrx_word' id='word_1_107' title='bbox 728 1089 892 1129; x_wconf 90' lang='lat' dir='ltr'>ceteros,</span> <span class='ocrx_word' id='word_1_108' title='bbox 924 1089 968 1119; x_wconf 88' lang='lat' dir='ltr'>ut</span> <span class='ocrx_word' id='word_1_109' title='bbox 997 1080 1164 1131; x_wconf 90' lang='lat' dir='ltr'>quisque</span> <span class='ocrx_word' id='word_1_110' title='bbox 1197 1081 1386 1131; x_wconf 87' lang='lat' dir='ltr'>flagitium</span> <span class='ocrx_word' id='word_1_111' title='bbox 1420 1095 1536 1120; x_wconf 88' lang='lat' dir='ltr'>nava-</span> 
     </span>
    </p>

    <p class='ocr_par' dir='ltr' id='par_1_10' title="bbox 151 1151 1535 1201">
     <span class='ocr_line' id='line_1_16' title="bbox 151 1151 1535 1201; baseline 0.002 -13"><span class='ocrx_word' id='word_1_112' title='bbox 151 1159 270 1198; x_wconf 89' lang='lat' dir='ltr'>verat,</span> <span class='ocrx_word' id='word_1_113' title='bbox 288 1151 472 1201; x_wconf 88' lang='lat' dir='ltr'>praemiis</span> <span class='ocrx_word' id='word_1_114' title='bbox 492 1151 645 1190; x_wconf 86' lang='lat' dir='ltr'>attollit.</span> <span class='ocrx_word' id='word_1_115' title='bbox 706 1152 867 1190; x_wconf 86' lang='lat' dir='ltr'>Divisae</span> <span class='ocrx_word' id='word_1_116' title='bbox 889 1153 982 1190; x_wconf 89' lang='lat' dir='ltr'>inde</span> <span class='ocrx_word' id='word_1_117' title='bbox 1002 1152 1103 1191; x_wconf 88' lang='lat' dir='ltr'>inter</span> <span class='ocrx_word' id='word_1_118' title='bbox 1122 1154 1313 1191; x_wconf 90' lang='lat' dir='ltr'>Tutorem</span> <span class='ocrx_word' id='word_1_119' title='bbox 1334 1160 1373 1190; x_wconf 92' lang='lat' dir='ltr'>et</span> <span class='ocrx_word' id='word_1_120' title='bbox 1394 1152 1535 1191; x_wconf 88' lang='lat' dir='ltr'>Classi-</span> 
     </span>
    </p>

    <p class='ocr_par' dir='ltr' id='par_1_11' title="bbox 152 1221 1577 1272">
     <span class='ocr_line' id='line_1_17' title="bbox 152 1221 1577 1272; baseline 0.001 -12"><span class='ocrx_word' id='word_1_121' title='bbox 152 1235 243 1260; x_wconf 89' lang='lat' dir='ltr'>cum</span> <span class='ocrx_word' id='word_1_122' title='bbox 264 1234 391 1260; x_wconf 88' lang='lat' dir='ltr'>curae.</span> <span class='ocrx_word' id='word_1_123' title='bbox 451 1224 578 1260; x_wconf 90' lang='lat' dir='ltr'>Tutor</span> <span class='ocrx_word' id='word_1_124' title='bbox 605 1221 737 1260; x_wconf 86' lang='lat' dir='ltr'>valida</span> <span class='ocrx_word' id='word_1_125' title='bbox 766 1235 886 1260; x_wconf 91' lang='lat' dir='ltr'>manu</span> <span class='ocrx_word' id='word_1_126' title='bbox 917 1222 1181 1261; x_wconf 87' lang='lat' dir='ltr'>circumdatos</span> <span class='ocrx_word' id='word_1_127' title='bbox 1210 1222 1531 1272; x_wconf 89' lang='lat' dir='ltr'>Agrippinenses,</span> <span class='ocrx_word' id='word_1_128' title='bbox 1554 1230 1577 1260; x_wconf 90' lang='lat'>4</span> 
     </span>
    </p>

    <p class='ocr_par' dir='ltr' id='par_1_12' title="bbox 153 1291 1533 1342">
     <span class='ocr_line' id='line_1_18' title="bbox 153 1291 1533 1342; baseline 0.001 -13"><span class='ocrx_word' id='word_1_129' title='bbox 153 1299 424 1342; x_wconf 88' lang='lat' dir='ltr'>quantumque</span> <span class='ocrx_word' id='word_1_130' title='bbox 444 1291 611 1330; x_wconf 89' lang='lat' dir='ltr'>militum</span> <span class='ocrx_word' id='word_1_131' title='bbox 632 1293 737 1342; x_wconf 91' lang='lat' dir='ltr'>apud</span> <span class='ocrx_word' id='word_1_132' title='bbox 757 1292 998 1341; x_wconf 88' lang='lat' dir='ltr'>superiorem</span> <span class='ocrx_word' id='word_1_133' title='bbox 1021 1292 1151 1330; x_wconf 88' lang='lat' dir='ltr'>Rheni</span> <span class='ocrx_word' id='word_1_134' title='bbox 1171 1293 1308 1342; x_wconf 88' lang='lat' dir='ltr'>ripam,</span> <span class='ocrx_word' id='word_1_135' title='bbox 1330 1292 1369 1329; x_wconf 89' lang='lat' dir='ltr'>in</span> <span class='ocrx_word' id='word_1_136' title='bbox 1393 1293 1533 1330; x_wconf 90' lang='lat' dir='ltr'>eadem</span> 
     </span>
    </p>

    <p class='ocr_par' dir='ltr' id='par_1_13' title="bbox 151 1362 1531 1412">
     <span class='ocr_line' id='line_1_19' title="bbox 151 1362 1531 1412; baseline 0.001 -13"><span class='ocrx_word' id='word_1_137' title='bbox 151 1363 272 1401; x_wconf 88' lang='lat' dir='ltr'>verba</span> <span class='ocrx_word' id='word_1_138' title='bbox 304 1363 436 1412; x_wconf 78' lang='lat' dir='ltr'>adigit,</span> <span class='ocrx_word' id='word_1_139' title='bbox 473 1362 613 1400; x_wconf 91' lang='lat' dir='ltr'>occisis</span> <span class='ocrx_word' id='word_1_140' title='bbox 648 1362 895 1412; x_wconf 84' lang='lat' dir='ltr'>Mogontiaci</span> <span class='ocrx_word' id='word_1_141' title='bbox 933 1362 1129 1410; x_wconf 90' lang='lat' dir='ltr'>Tribunis,</span> <span class='ocrx_word' id='word_1_142' title='bbox 1166 1365 1279 1412; x_wconf 91' lang='lat' dir='ltr'>pulso</span> <span class='ocrx_word' id='word_1_143' title='bbox 1317 1371 1531 1401; x_wconf 87' lang='lat' dir='ltr'>castrorum</span> 
     </span>
    </p>

    <p class='ocr_par' dir='ltr' id='par_1_14' title="bbox 153 1433 1575 1484">
     <span class='ocr_line' id='line_1_20' title="bbox 153 1433 1575 1484; baseline 0.001 -13"><span class='ocrx_word' id='word_1_144' title='bbox 153 1434 368 1481; x_wconf 86' lang='lat' dir='ltr'>Praefecto,</span> <span class='ocrx_word' id='word_1_145' title='bbox 384 1434 450 1483; x_wconf 90' lang='lat' dir='ltr'>qui</span> <span class='ocrx_word' id='word_1_146' title='bbox 464 1434 786 1472; x_wconf 86' lang='lat' dir='ltr'>detrectaverant.</span> <span class='ocrx_word' id='word_1_147' title='bbox 837 1433 1035 1472; x_wconf 85' lang='lat' dir='ltr'>Classicus</span> <span class='ocrx_word' id='word_1_148' title='bbox 1049 1434 1384 1483; x_wconf 88' lang='lat' dir='ltr'>corruptissimum</span> <span class='ocrx_word' id='word_1_149' title='bbox 1401 1448 1533 1484; x_wconf 91' lang='lat' dir='ltr'>quem-</span> <span class='ocrx_word' id='word_1_150' title='bbox 1559 1441 1575 1479; x_wconf 77' lang='lat'>5</span> 
     </span>
    </p>

    <p class='ocr_par' dir='ltr' id='par_1_15' title="bbox 152 1504 1531 1555">
     <span class='ocr_line' id='line_1_21' title="bbox 152 1504 1531 1555; baseline 0.001 -13"><span class='ocrx_word' id='word_1_151' title='bbox 152 1518 229 1555; x_wconf 91' lang='lat' dir='ltr'>que</span> <span class='ocrx_word' id='word_1_152' title='bbox 251 1518 271 1543; x_wconf 94' lang='lat' dir='ltr'>e</span> <span class='ocrx_word' id='word_1_153' title='bbox 291 1504 436 1542; x_wconf 90' lang='lat' dir='ltr'>deditis</span> <span class='ocrx_word' id='word_1_154' title='bbox 462 1517 623 1554; x_wconf 88' lang='lat' dir='ltr'>pergere</span> <span class='ocrx_word' id='word_1_155' title='bbox 653 1504 704 1542; x_wconf 90' lang='lat' dir='ltr'>ad</span> <span class='ocrx_word' id='word_1_156' title='bbox 734 1505 917 1542; x_wconf 89' lang='lat' dir='ltr'>obsessos</span> <span class='ocrx_word' id='word_1_157' title='bbox 943 1505 1067 1552; x_wconf 87' lang='lat' dir='ltr'>jubet,</span> <span class='ocrx_word' id='word_1_158' title='bbox 1089 1506 1246 1542; x_wconf 86' lang='lat' dir='ltr'>veniam</span> <span class='ocrx_word' id='word_1_159' title='bbox 1276 1513 1531 1553; x_wconf 88' lang='lat' dir='ltr'>ostentantes,</span> 
     </span>
    </p>

    <p class='ocr_par' dir='ltr' id='par_1_16' title="bbox 151 1574 1535 1695">
     <span class='ocr_line' id='line_1_22' title="bbox 151 1574 1535 1625; baseline 0 -12"><span class='ocrx_word' id='word_1_160' title='bbox 151 1574 183 1613; x_wconf 88' lang='lat' dir='ltr'>si</span> <span class='ocrx_word' id='word_1_161' title='bbox 203 1576 426 1625; x_wconf 87' lang='lat' dir='ltr'>praesentia</span> <span class='ocrx_word' id='word_1_162' title='bbox 455 1582 734 1624; x_wconf 89' lang='lat' dir='ltr'>sequerentur:</span> <span class='ocrx_word' id='word_1_163' title='bbox 763 1574 875 1612; x_wconf 87' lang='lat' dir='ltr'>aliter</span> <span class='ocrx_word' id='word_1_164' title='bbox 903 1574 999 1611; x_wconf 87' lang='lat' dir='ltr'>nihil</span> <span class='ocrx_word' id='word_1_165' title='bbox 1029 1574 1123 1624; x_wconf 92' lang='lat' dir='ltr'>spei.</span> <span class='ocrx_word' id='word_1_166' title='bbox 1182 1577 1346 1613; x_wconf 88' lang='lat' dir='ltr'>Famem</span> <span class='ocrx_word' id='word_1_167' title='bbox 1375 1577 1535 1614; x_wconf 89' lang='lat' dir='ltr'>ferrum-</span> 
     </span>
     <span class='ocr_line' id='line_1_23' title="bbox 151 1645 1535 1695; baseline 0.001 -12"><span class='ocrx_word' id='word_1_168' title='bbox 151 1658 227 1695; x_wconf 90' lang='lat' dir='ltr'>que</span> <span class='ocrx_word' id='word_1_169' title='bbox 257 1653 296 1684; x_wconf 88' lang='lat' dir='ltr'>et</span> <span class='ocrx_word' id='word_1_170' title='bbox 326 1653 498 1684; x_wconf 89' lang='lat' dir='ltr'>extrema</span> <span class='ocrx_word' id='word_1_171' title='bbox 526 1657 722 1695; x_wconf 88' lang='lat' dir='ltr'>passuros.</span> <span class='ocrx_word' id='word_1_172' title='bbox 779 1646 987 1694; x_wconf 85' lang='lat' dir='ltr'>Adjecere,</span> <span class='ocrx_word' id='word_1_173' title='bbox 1019 1645 1085 1695; x_wconf 89' lang='lat' dir='ltr'>qui</span> <span class='ocrx_word' id='word_1_174' title='bbox 1114 1645 1223 1684; x_wconf 90' lang='lat' dir='ltr'>missi</span> <span class='ocrx_word' id='word_1_175' title='bbox 1252 1655 1373 1694; x_wconf 91' lang='lat' dir='ltr'>erant,</span> <span class='ocrx_word' id='word_1_176' title='bbox 1406 1660 1535 1685; x_wconf 85' lang='lat' dir='ltr'>exem-</span> 
     </span>
    </p>

    <p class='ocr_par' dir='ltr' id='par_1_17' title="bbox 69 1712 1532 1839">
     <span class='ocr_line' id='line_1_24' title="bbox 69 1712 1532 1766; baseline 0.002 -13"><span class='ocrx_word' id='word_1_177' title='bbox 69 1712 132 1757; x_wconf 88' lang='lat'>60</span> <span class='ocrx_word' id='word_1_178' title='bbox 150 1716 258 1765; x_wconf 90' lang='lat' dir='ltr'>plum</span> <span class='ocrx_word' id='word_1_179' title='bbox 289 1729 414 1754; x_wconf 90' lang='lat' dir='ltr'>suurn.</span> <span class='ocrx_word' id='word_1_180' title='bbox 474 1716 670 1754; x_wconf 89' lang='lat' dir='ltr'>Obsessos</span> <span class='ocrx_word' id='word_1_181' title='bbox 699 1714 792 1753; x_wconf 92' lang='lat' dir='ltr'>hinc</span> <span class='ocrx_word' id='word_1_182' title='bbox 821 1715 930 1762; x_wconf 84' lang='lat' dir='ltr'>fides,</span> <span class='ocrx_word' id='word_1_183' title='bbox 963 1715 1055 1753; x_wconf 88' lang='lat' dir='ltr'>inde</span> <span class='ocrx_word' id='word_1_184' title='bbox 1085 1724 1250 1766; x_wconf 90' lang='lat' dir='ltr'>egestas,</span> <span class='ocrx_word' id='word_1_185' title='bbox 1283 1717 1383 1755; x_wconf 89' lang='lat' dir='ltr'>inter</span> <span class='ocrx_word' id='word_1_186' title='bbox 1412 1718 1532 1756; x_wconf 88' lang='lat' dir='ltr'>decus</span> 
     </span>
     <span class='ocr_line' id='line_1_25' title="bbox 151 1786 1532 1839; baseline 0.002 -15"><span class='ocrx_word' id='word_1_187' title='bbox 151 1799 196 1824; x_wconf 91' lang='lat' dir='ltr'>ac</span> <span class='ocrx_word' id='word_1_188' title='bbox 234 1786 422 1836; x_wconf 87' lang='lat' dir='ltr'>flagitium</span> <span class='ocrx_word' id='word_1_189' title='bbox 461 1786 742 1825; x_wconf 88' lang='lat' dir='ltr'>distrahebant.</span> <span class='ocrx_word' id='word_1_190' title='bbox 817 1787 1105 1826; x_wconf 90' lang='lat' dir='ltr'>Cunctantibus</span> <span class='ocrx_word' id='word_1_191' title='bbox 1144 1787 1259 1826; x_wconf 85' lang='lat' dir='ltr'>solita</span> <span class='ocrx_word' id='word_1_192' title='bbox 1296 1788 1532 1839; x_wconf 88' lang='lat' dir='ltr'>insolitaque</span> 
     </span>
    </p>
   </div>
   <div class='ocr_carea' id='block_1_5' title="bbox 151 1856 1532 1909">
    <p class='ocr_par' dir='ltr' id='par_1_18' title="bbox 151 1856 1532 1909">
     <span class='ocr_line' id='line_1_26' title="bbox 151 1856 1532 1909; baseline 0.004 -15"><span class='ocrx_word' id='word_1_193' title='bbox 151 1856 336 1896; x_wconf 91' lang='lat' dir='ltr'>alimenta</span> <span class='ocrx_word' id='word_1_194' title='bbox 373 1857 563 1906; x_wconf 79' lang='lat' dir='ltr'>deerant3</span> <span class='ocrx_word' id='word_1_195' title='bbox 605 1857 825 1907; x_wconf 88' lang='lat' dir='ltr'>absumptis</span> <span class='ocrx_word' id='word_1_196' title='bbox 860 1858 1051 1907; x_wconf 88' lang='lat' dir='ltr'>jumentis</span> <span class='ocrx_word' id='word_1_197' title='bbox 1090 1858 1278 1909; x_wconf 89' lang='lat' dir='ltr'>equisque</span> <span class='ocrx_word' id='word_1_198' title='bbox 1318 1868 1356 1898; x_wconf 92' lang='lat' dir='ltr'>et</span> <span class='ocrx_word' id='word_1_199' title='bbox 1394 1860 1532 1899; x_wconf 89' lang='lat' dir='ltr'>ceteris</span> 
     </span>
    </p>
   </div>
   <div class='ocr_carea' id='block_1_6' title="bbox 150 1985 810 2549">
    <p class='ocr_par' dir='ltr' id='par_1_19' title="bbox 151 1985 807 2201">
     <span class='ocr_line' id='line_1_27' title="bbox 194 1985 804 2029; baseline 0.002 -12"><span class='ocrx_word' id='word_1_200' title='bbox 194 1986 262 2017; x_wconf 78' lang='lat' dir='ltr'>CH.</span> <span class='ocrx_word' id='word_1_201' title='bbox 280 1986 373 2018; x_wconf 88' lang='lat' dir='ltr'><strong>LIX.</strong></span> <span class='ocrx_word' id='word_1_202' title='bbox 391 1988 627 2018; x_wconf 83' lang='lat' dir='ltr'>foedissimam</span> <span class='ocrx_word' id='word_1_203' title='bbox 641 1985 804 2029; x_wconf 75' lang='lat' dir='ltr'>mortem]</span> 
     </span>
     <span class='ocr_line' id='line_1_28' title="bbox 151 2029 807 2072; baseline 0.002 -11"><span class='ocrx_word' id='word_1_204' title='bbox 151 2030 224 2061; x_wconf 89' lang='lat' dir='ltr'>The</span> <span class='ocrx_word' id='word_1_205' title='bbox 257 2029 357 2071; x_wconf 86' lang='lat' dir='ltr'>being</span> <span class='ocrx_word' id='word_1_206' title='bbox 393 2031 567 2061; x_wconf 85' lang='lat' dir='ltr'>murdered</span> <span class='ocrx_word' id='word_1_207' title='bbox 596 2031 640 2072; x_wconf 89' lang='lat' dir='ltr'>by</span> <span class='ocrx_word' id='word_1_208' title='bbox 671 2031 750 2062; x_wconf 89' lang='lat' dir='ltr'>such</span> <span class='ocrx_word' id='word_1_209' title='bbox 788 2042 807 2062; x_wconf 86' lang='lat' dir='ltr'>a</span> 
     </span>
     <span class='ocr_line' id='line_1_29' title="bbox 151 2074 807 2115; baseline 0 -10"><span class='ocrx_word' id='word_1_210' title='bbox 151 2074 287 2105; x_wconf 86' lang='lat' dir='ltr'>traitor:</span> <span class='ocrx_word' id='word_1_211' title='bbox 327 2074 351 2104; x_wconf 87' lang='lat' dir='ltr'>it</span> <span class='ocrx_word' id='word_1_212' title='bbox 368 2074 394 2104; x_wconf 90' lang='lat' dir='ltr'>is</span> <span class='ocrx_word' id='word_1_213' title='bbox 421 2080 478 2105; x_wconf 91' lang='lat' dir='ltr'>not</span> <span class='ocrx_word' id='word_1_214' title='bbox 505 2074 642 2115; x_wconf 90' lang='lat' dir='ltr'>implied</span> <span class='ocrx_word' id='word_1_215' title='bbox 669 2074 741 2105; x_wconf 87' lang='lat' dir='ltr'>that</span> <span class='ocrx_word' id='word_1_216' title='bbox 765 2075 807 2105; x_wconf 85' lang='lat' dir='ltr'>he</span> 
     </span>
     <span class='ocr_line' id='line_1_30' title="bbox 151 2117 806 2158; baseline 0.003 -11"><span class='ocrx_word' id='word_1_217' title='bbox 151 2128 217 2148; x_wconf 91' lang='lat' dir='ltr'>was</span> <span class='ocrx_word' id='word_1_218' title='bbox 248 2117 422 2148; x_wconf 88' lang='lat' dir='ltr'>murdered</span> <span class='ocrx_word' id='word_1_219' title='bbox 445 2117 525 2148; x_wconf 83' lang='lat' dir='ltr'>with</span> <span class='ocrx_word' id='word_1_220' title='bbox 547 2118 729 2158; x_wconf 87' lang='lat' dir='ltr'>gratuitous</span> <span class='ocrx_word' id='word_1_221' title='bbox 759 2118 806 2148; x_wconf 88' lang='lat' dir='ltr'>in-</span> 
     </span>
     <span class='ocr_line' id='line_1_31' title="bbox 151 2160 315 2201; baseline -0.006 -10"><span class='ocrx_word' id='word_1_222' title='bbox 151 2160 315 2201; x_wconf 86' lang='lat' dir='ltr'>dignities.</span> 
     </span>
    </p>

    <p class='ocr_par' dir='ltr' id='par_1_20' title="bbox 150 2201 810 2373">
     <span class='ocr_line' id='line_1_32' title="bbox 194 2201 810 2245; baseline 0.002 -11"><span class='ocrx_word' id='word_1_223' title='bbox 194 2205 439 2234; x_wconf 76' lang='lat' dir='ltr'>2Herennium</span> <span class='ocrx_word' id='word_1_224' title='bbox 463 2228 469 2234; x_wconf 96' lang='lat'>.</span> <span class='ocrx_word' id='word_1_225' title='bbox 497 2227 504 2235; x_wconf 91' lang='lat'><strong>.</strong></span> <span class='ocrx_word' id='word_1_226' title='bbox 533 2227 540 2234; x_wconf 92' lang='lat'>.</span> <span class='ocrx_word' id='word_1_227' title='bbox 567 2201 696 2245; x_wconf 75' lang='lat' dir='ltr'>visum]</span> <span class='ocrx_word' id='word_1_228' title='bbox 715 2204 810 2244; x_wconf 91' lang='lat' dir='ltr'>They</span> 
     </span>
     <span class='ocr_line' id='line_1_33' title="bbox 150 2246 808 2288; baseline 0.003 -11"><span class='ocrx_word' id='word_1_229' title='bbox 150 2258 237 2279; x_wconf 83' lang='lat' dir='ltr'>were</span> <span class='ocrx_word' id='word_1_230' title='bbox 250 2252 309 2288; x_wconf 90' lang='lat' dir='ltr'>put</span> <span class='ocrx_word' id='word_1_231' title='bbox 322 2252 356 2286; x_wconf 86' lang='lat' dir='ltr'>to</span> <span class='ocrx_word' id='word_1_232' title='bbox 366 2247 467 2278; x_wconf 87' lang='lat' dir='ltr'>death</span> <span class='ocrx_word' id='word_1_233' title='bbox 480 2246 680 2285; x_wconf 85' lang='lat' dir='ltr'>afterwards,</span> <span class='ocrx_word' id='word_1_234' title='bbox 699 2254 747 2287; x_wconf 89' lang='lat'>70.</span> <span class='ocrx_word' id='word_1_235' title='bbox 766 2248 786 2278; x_wconf 87' lang='lat'>6</span> <span class='ocrx_word' id='word_1_236' title='bbox 799 2259 808 2286; x_wconf 86' lang='lat'>;</span> 
     </span>
     <span class='ocr_line' id='line_1_34' title="bbox 150 2290 806 2330; baseline 0 -9"><span class='ocrx_word' id='word_1_237' title='bbox 150 2290 201 2321; x_wconf 86' lang='lat' dir='ltr'>sor</span> <span class='ocrx_word' id='word_1_238' title='bbox 215 2291 403 2321; x_wconf 87' lang='lat' dir='ltr'>Herennius</span> <span class='ocrx_word' id='word_1_239' title='bbox 414 2290 539 2327; x_wconf 87' lang='lat' dir='ltr'>Gallus,</span> <span class='ocrx_word' id='word_1_240' title='bbox 557 2300 610 2321; x_wconf 90' lang='lat' dir='ltr'>see</span> <span class='ocrx_word' id='word_1_241' title='bbox 623 2300 667 2321; x_wconf 88' lang='lat' dir='ltr'>ec.</span> <span class='ocrx_word' id='word_1_242' title='bbox 687 2298 735 2330; x_wconf 90' lang='lat'>19,</span> <span class='ocrx_word' id='word_1_243' title='bbox 750 2299 806 2330; x_wconf 89' lang='lat'>20,</span> 
     </span>
     <span class='ocr_line' id='line_1_35' title="bbox 151 2333 786 2373; baseline 0.002 -8"><span class='ocrx_word' id='word_1_244' title='bbox 151 2334 202 2373; x_wconf 87' lang='lat'>26,</span> <span class='ocrx_word' id='word_1_245' title='bbox 221 2341 271 2373; x_wconf 93' lang='lat'>27,</span> <span class='ocrx_word' id='word_1_246' title='bbox 292 2334 342 2365; x_wconf 88' lang='lat' dir='ltr'>for</span> <span class='ocrx_word' id='word_1_247' title='bbox 359 2334 530 2364; x_wconf 81' lang='lat' dir='ltr'>Numisius</span> <span class='ocrx_word' id='word_1_248' title='bbox 548 2333 663 2372; x_wconf 85' lang='lat' dir='ltr'>Rufus,</span> <span class='ocrx_word' id='word_1_249' title='bbox 683 2342 733 2366; x_wconf 88' lang='lat'>22.</span> <span class='ocrx_word' id='word_1_250' title='bbox 760 2343 786 2366; x_wconf 86' lang='lat'>1.</span> 
     </span>
    </p>

    <p class='ocr_par' dir='ltr' id='par_1_21' title="bbox 150 2375 810 2549">
     <span class='ocr_line' id='line_1_36' title="bbox 193 2375 810 2418; baseline 0.002 -10"><span class='ocrx_word' id='word_1_251' title='bbox 193 2380 260 2408; x_wconf 77' lang='lat' dir='ltr'>Nec</span> <span class='ocrx_word' id='word_1_252' title='bbox 290 2379 354 2415; x_wconf 86' lang='lat' dir='ltr'>mi,</span> <span class='ocrx_word' id='word_1_253' title='bbox 390 2375 469 2418; x_wconf 65' lang='lat' dir='ltr'>eto]</span> <span class='ocrx_word' id='word_1_254' title='bbox 517 2377 550 2407; x_wconf 89' lang='lat' dir='ltr'>A</span> <span class='ocrx_word' id='word_1_255' title='bbox 581 2377 647 2408; x_wconf 86' lang='lat' dir='ltr'>real</span> <span class='ocrx_word' id='word_1_256' title='bbox 679 2377 810 2409; x_wconf 85' lang='lat' dir='ltr'>Roman</span> 
     </span>
     <span class='ocr_line' id='line_1_37' title="bbox 150 2420 810 2462; baseline 0 -10"><span class='ocrx_word' id='word_1_257' title='bbox 150 2421 292 2462; x_wconf 85' lang='lat' dir='ltr'>general,</span> <span class='ocrx_word' id='word_1_258' title='bbox 312 2431 355 2452; x_wconf 90' lang='lat' dir='ltr'>on</span> <span class='ocrx_word' id='word_1_259' title='bbox 372 2421 450 2451; x_wconf 88' lang='lat' dir='ltr'>such</span> <span class='ocrx_word' id='word_1_260' title='bbox 467 2431 508 2451; x_wconf 90' lang='lat' dir='ltr'>an</span> <span class='ocrx_word' id='word_1_261' title='bbox 524 2420 684 2456; x_wconf 84' lang='lat' dir='ltr'>occasion.</span> <span class='ocrx_word' id='word_1_262' title='bbox 700 2422 810 2452; x_wconf 84' lang='lat' dir='ltr'>would</span> 
     </span>
     <span class='ocr_line' id='line_1_38' title="bbox 151 2462 809 2502; baseline 0 -7"><span class='ocrx_word' id='word_1_263' title='bbox 151 2464 234 2495; x_wconf 88' lang='lat' dir='ltr'>have</span> <span class='ocrx_word' id='word_1_264' title='bbox 249 2464 315 2495; x_wconf 86' lang='lat' dir='ltr'>had</span> <span class='ocrx_word' id='word_1_265' title='bbox 336 2475 355 2494; x_wconf 91' lang='lat' dir='ltr'>a</span> <span class='ocrx_word' id='word_1_266' title='bbox 370 2465 470 2495; x_wconf 82' lang='lat' dir='ltr'>contio</span> <span class='ocrx_word' id='word_1_267' title='bbox 483 2475 498 2502; x_wconf 83' lang='lat'>,·</span> <span class='ocrx_word' id='word_1_268' title='bbox 523 2462 695 2495; x_wconf 88' lang='lat' dir='ltr'>Classicus’</span> <span class='ocrx_word' id='word_1_269' title='bbox 711 2465 809 2495; x_wconf 85' lang='lat' dir='ltr'>auda-</span> 
     </span>
     <span class='ocr_line' id='line_1_39' title="bbox 151 2507 810 2549; baseline 0 -10"><span class='ocrx_word' id='word_1_270' title='bbox 151 2508 218 2549; x_wconf 89' lang='lat' dir='ltr'>city</span> <span class='ocrx_word' id='word_1_271' title='bbox 232 2518 299 2540; x_wconf 85' lang='lat' dir='ltr'>was</span> <span class='ocrx_word' id='word_1_272' title='bbox 311 2512 369 2539; x_wconf 89' lang='lat' dir='ltr'>not</span> <span class='ocrx_word' id='word_1_273' title='bbox 385 2507 480 2549; x_wconf 85' lang='lat' dir='ltr'>equal</span> <span class='ocrx_word' id='word_1_274' title='bbox 494 2512 527 2538; x_wconf 88' lang='lat' dir='ltr'>to</span> <span class='ocrx_word' id='word_1_275' title='bbox 543 2507 622 2539; x_wconf 80' lang='lat' dir='ltr'>that.</span> <span class='ocrx_word' id='word_1_276' title='bbox 673 2507 753 2539; x_wconf 86' lang='lat' dir='ltr'>Was</span> <span class='ocrx_word' id='word_1_277' title='bbox 768 2509 810 2539; x_wconf 92' lang='lat' dir='ltr'>he</span> 
     </span>
    </p>
   </div>
   <div class='ocr_carea' id='block_1_7' title="bbox 875 1986 1534 2540">
    <p class='ocr_par' dir='ltr' id='par_1_22' title="bbox 875 1986 1534 2071">
     <span class='ocr_line' id='line_1_40' title="bbox 875 1986 1534 2029; baseline 0.003 -11"><span class='ocrx_word' id='word_1_278' title='bbox 875 1986 979 2018; x_wconf 88' lang='lat' dir='ltr'>afraid</span> <span class='ocrx_word' id='word_1_279' title='bbox 996 1987 1035 2019; x_wconf 90' lang='lat' dir='ltr'>of</span> <span class='ocrx_word' id='word_1_280' title='bbox 1046 1987 1182 2029; x_wconf 85' lang='lat' dir='ltr'>making</span> <span class='ocrx_word' id='word_1_281' title='bbox 1204 1988 1340 2020; x_wconf 89' lang='lat' dir='ltr'>himself</span> <span class='ocrx_word' id='word_1_282' title='bbox 1356 1989 1534 2020; x_wconf 86' lang='lat' dir='ltr'>ridiculous</span> 
     </span>
     <span class='ocr_line' id='line_1_41' title="bbox 875 2031 1140 2071; baseline 0.004 -10"><span class='ocrx_word' id='word_1_283' title='bbox 875 2032 918 2071; x_wconf 93' lang='lat' dir='ltr'>by</span> <span class='ocrx_word' id='word_1_284' title='bbox 933 2031 999 2062; x_wconf 89' lang='lat' dir='ltr'>bad</span> <span class='ocrx_word' id='word_1_285' title='bbox 1017 2031 1140 2062; x_wconf 86' lang='lat' dir='ltr'>Latin?</span> 
     </span>
    </p>

    <p class='ocr_par' dir='ltr' id='par_1_23' title="bbox 875 2075 1533 2236">
     <span class='ocr_line' id='line_1_42' title="bbox 919 2075 1531 2114; baseline 0.002 -9"><span class='ocrx_word' id='word_1_286' title='bbox 919 2082 938 2114; x_wconf 82' lang='lat'><em>3</em></span> <span class='ocrx_word' id='word_1_287' title='bbox 976 2077 1061 2105; x_wconf 79' lang='lat' dir='ltr'>altis</span> <span class='ocrx_word' id='word_1_288' title='bbox 1087 2075 1283 2114; x_wconf 74' lang='lat' dir='ltr'>ordjmbus]</span> <span class='ocrx_word' id='word_1_289' title='bbox 1321 2075 1413 2106; x_wconf 85' lang='lat' dir='ltr'>‘The</span> <span class='ocrx_word' id='word_1_290' title='bbox 1444 2086 1531 2106; x_wconf 89' lang='lat' dir='ltr'>com-</span> 
     </span>
     <span class='ocr_line' id='line_1_43' title="bbox 875 2117 1533 2160; baseline 0.003 -12"><span class='ocrx_word' id='word_1_291' title='bbox 875 2118 975 2148; x_wconf 83' lang='lat' dir='ltr'>mand</span> <span class='ocrx_word' id='word_1_292' title='bbox 994 2118 1031 2149; x_wconf 89' lang='lat' dir='ltr'>of</span> <span class='ocrx_word' id='word_1_293' title='bbox 1042 2129 1061 2149; x_wconf 86' lang='lat' dir='ltr'>a</span> <span class='ocrx_word' id='word_1_294' title='bbox 1077 2119 1235 2160; x_wconf 84' lang='lat' dir='ltr'>dignified</span> <span class='ocrx_word' id='word_1_295' title='bbox 1255 2124 1388 2158; x_wconf 85' lang='lat' dir='ltr'>century</span> <span class='ocrx_word' id='word_1_296' title='bbox 1403 2117 1533 2160; x_wconf 85' lang='lat' dir='ltr'>&#39;——they</span> 
     </span>
     <span class='ocr_line' id='line_1_44' title="bbox 875 2162 1533 2204; baseline 0.002 -13"><span class='ocrx_word' id='word_1_297' title='bbox 875 2162 972 2192; x_wconf 89' lang='lat' dir='ltr'>made</span> <span class='ocrx_word' id='word_1_298' title='bbox 996 2162 1063 2193; x_wconf 88' lang='lat' dir='ltr'>him</span> <span class='ocrx_word' id='word_1_299' title='bbox 1072 2163 1266 2204; x_wconf 78' lang='lat' dir='ltr'>primipilus</span> <span class='ocrx_word' id='word_1_300' title='bbox 1288 2173 1325 2193; x_wconf 90' lang='lat' dir='ltr'>or</span> <span class='ocrx_word' id='word_1_301' title='bbox 1347 2162 1533 2204; x_wconf 84' lang='lat' dir='ltr'>something</span> 
     </span>
     <span class='ocr_line' id='line_1_45' title="bbox 876 2205 1005 2236; baseline 0.008 -1"><span class='ocrx_word' id='word_1_302' title='bbox 876 2215 954 2235; x_wconf 89' lang='lat' dir='ltr'>near</span> <span class='ocrx_word' id='word_1_303' title='bbox 969 2205 1005 2236; x_wconf 91' lang='lat' dir='ltr'>it.</span> 
     </span>
    </p>

    <p class='ocr_par' dir='ltr' id='par_1_24' title="bbox 876 2248 1533 2463">
     <span class='ocr_line' id='line_1_46' title="bbox 919 2248 1533 2290; baseline 0.003 -11"><span class='ocrx_word' id='word_1_304' title='bbox 919 2250 1092 2284; x_wconf 71' lang='lat' dir='ltr'>flag-Itium</span> <span class='ocrx_word' id='word_1_305' title='bbox 1121 2248 1329 2287; x_wconf 78' lang='lat' dir='ltr'>navaverat]</span> <span class='ocrx_word' id='word_1_306' title='bbox 1368 2249 1424 2280; x_wconf 91' lang='lat' dir='ltr'>An</span> <span class='ocrx_word' id='word_1_307' title='bbox 1454 2259 1533 2290; x_wconf 84' lang='lat' dir='ltr'>oxy-</span> 
     </span>
     <span class='ocr_line' id='line_1_47' title="bbox 876 2292 1531 2323; baseline 0.002 -1"><span class='ocrx_word' id='word_1_308' title='bbox 876 2292 1108 2323; x_wconf 87' lang='lat' dir='ltr'>moron—also</span> <span class='ocrx_word' id='word_1_309' title='bbox 1153 2303 1172 2322; x_wconf 87' lang='lat' dir='ltr'>a</span> <span class='ocrx_word' id='word_1_310' title='bbox 1217 2292 1399 2323; x_wconf 82' lang='lat' dir='ltr'>somewhat</span> <span class='ocrx_word' id='word_1_311' title='bbox 1443 2303 1531 2323; x_wconf 91' lang='lat' dir='ltr'>com-</span> 
     </span>
     <span class='ocr_line' id='line_1_48' title="bbox 878 2336 1533 2377; baseline 0.002 -11"><span class='ocrx_word' id='word_1_312' title='bbox 878 2336 1009 2376; x_wconf 81' lang='lat' dir='ltr'>pressed</span> <span class='ocrx_word' id='word_1_313' title='bbox 1027 2341 1160 2373; x_wconf 60' lang='lat' dir='ltr'>constr„</span> <span class='ocrx_word' id='word_1_314' title='bbox 1177 2346 1211 2366; x_wconf 89' lang='lat' dir='ltr'>as</span> <span class='ocrx_word' id='word_1_315' title='bbox 1229 2346 1352 2366; x_wconf 79' lang='lat' dir='ltr'>navare</span> <span class='ocrx_word' id='word_1_316' title='bbox 1365 2336 1533 2377; x_wconf 83' lang='lat' dir='ltr'>generally</span> 
     </span>
     <span class='ocr_line' id='line_1_49' title="bbox 877 2379 1532 2418; baseline 0.003 -9"><span class='ocrx_word' id='word_1_317' title='bbox 877 2379 971 2410; x_wconf 85' lang='lat' dir='ltr'>takes</span> <span class='ocrx_word' id='word_1_318' title='bbox 1002 2389 1021 2409; x_wconf 87' lang='lat' dir='ltr'>a</span> <span class='ocrx_word' id='word_1_319' title='bbox 1050 2389 1141 2409; x_wconf 92' lang='lat' dir='ltr'>more</span> <span class='ocrx_word' id='word_1_320' title='bbox 1171 2379 1314 2410; x_wconf 85' lang='lat' dir='ltr'>abstract</span> <span class='ocrx_word' id='word_1_321' title='bbox 1337 2380 1438 2418; x_wconf 86' lang='lat' dir='ltr'>word,</span> <span class='ocrx_word' id='word_1_322' title='bbox 1466 2380 1532 2411; x_wconf 89' lang='lat' dir='ltr'>like</span> 
     </span>
     <span class='ocr_line' id='line_1_50' title="bbox 877 2428 1016 2463; baseline 0 -11"><span class='ocrx_word' id='word_1_323' title='bbox 877 2428 1016 2463; x_wconf 75' lang='lat' dir='ltr'>operam.</span> 
     </span>
    </p>

    <p class='ocr_par' dir='ltr' id='par_1_25' title="bbox 878 2465 1533 2540">
     <span class='ocr_line' id='line_1_51' title="bbox 920 2465 1533 2509; baseline 0.003 -13"><span class='ocrx_word' id='word_1_324' title='bbox 920 2475 942 2504; x_wconf 90' lang='lat'><strong>4</strong></span> <span class='ocrx_word' id='word_1_325' title='bbox 963 2467 1075 2506; x_wconf 71' lang='lat' dir='ltr'>pulso]</span> <span class='ocrx_word' id='word_1_326' title='bbox 1101 2465 1235 2497; x_wconf 85' lang='lat' dir='ltr'>Turned</span> <span class='ocrx_word' id='word_1_327' title='bbox 1247 2471 1303 2497; x_wconf 89' lang='lat' dir='ltr'>out</span> <span class='ocrx_word' id='word_1_328' title='bbox 1316 2466 1378 2497; x_wconf 89' lang='lat' dir='ltr'>and</span> <span class='ocrx_word' id='word_1_329' title='bbox 1392 2467 1533 2509; x_wconf 84' lang='lat' dir='ltr'>roughly</span> 
     </span>
     <span class='ocr_line' id='line_1_52' title="bbox 878 2508 1033 2540; baseline 0.006 -1"><span class='ocrx_word' id='word_1_330' title='bbox 878 2508 1033 2540; x_wconf 82' lang='lat' dir='ltr'>handled.</span> 
     </span>
    </p>
   </div>
  </div>
 </body>
</html>
