1654 2694
158 159 238 202 150
566 147 872 191 CORNELII
906 148 1124 191 TACITI

153 262 295 293 tantur.
350 252 552 292 Arbitrum
573 252 806 293 habebimus
829 253 994 293 Civilem
1015 261 1053 293 et
1073 254 1278 301 Veledam,
1298 253 1404 304 apud
1429 266 1528 305 quos
1552 257 1571 300 5

592 323 655 362 Sic
681 323 808 362 lenitis
829 324 1044 371 Tencteris,
1067 323 1184 375 legati
1213 325 1265 364 ad
1294 324 1459 365 Civilem
1489 333 1529 365 et

152 395 345 434 Veledam
363 393 471 432 missi
487 406 575 432 cum
591 393 717 440 donis,
737 402 878 432 cuncta
899 407 947 432 ex
962 395 1163 433 voluntate
1182 394 1528 445 Agrippinensium

152 332 269 375 pacta
289 323 536 362 sancientur.'

494 463 572 503 Sed
593 476 724 502 coram
745 463 851 502 adire
867 464 1108 514 adloquique
1123 465 1315 504 Veledam
1330 472 1526 516 negatum.
1549 466 1574 504 6

1311 536 1405 586 Ipsa
1423 535 1531 574 edita

154 603 193 642 in
214 611 339 644 turre:
369 605 547 644 delectus
567 618 588 643 e
607 604 836 655 propinquis
856 605 1037 643 consulta
1055 617 1334 655 responsaque,
1355 613 1397 644 ut
1417 604 1532 644 inter-

153 472 437 515 perpetravere.

153 535 400 573 Arcebantur
416 542 590 584 aspectu,
608 546 688 584 quo
707 533 968 572 venerationis
989 535 1074 584 plus
1095 533 1253 574 inesset.

153 675 312 714 nuntius
332 675 515 722 numinis,
538 676 730 726 portabat.

71 737 132 781 66
207 745 352 794 Civilis,
375 745 565 785 societate
586 745 931 796 Agrippinensium
956 753 1104 793 auctu5‚
1126 745 1323 796 proximas
1351 745 1530 785 civitates

1352 816 1531 866 Occupa-

152 885 280 936 tisque
309 887 486 934 Sunucis,
517 894 556 926 et
580 887 786 936 juventute
815 899 950 925 eorum
984 899 1053 936 per
1081 887 1264 925 cohortes
1297 886 1528 937 composita,

152 968 232 1006 quo
252 956 379 995 minus
401 959 498 995 ultra
518 964 706 1007 pergeret,
725 956 915 997 Claudius
936 958 1072 996 Labeo
1093 957 1335 996 Betasiorum
1353 959 1530 1008 Tungro-

151 1039 316 1076 rumque
336 1035 374 1066 et
399 1027 633 1066 Nerviorum
663 1027 912 1066 tumultuaria
940 1040 1059 1065 manu
1087 1027 1250 1066 restitit:
1279 1028 1398 1066 fretus
1426 1028 1527 1075 loco,

1202 1099 1528 1148 Pugnabaturque
1549 1112 1568 1138 z

152 1168 192 1206 in
230 1167 418 1218 angustiis
455 1167 651 1218 ambigue,
691 1168 822 1207 donec
865 1167 1051 1206 Germani
1093 1175 1381 1208 transnatantes
1422 1175 1530 1219 terga

153 1238 352 1278 Labeonis
386 1240 573 1278 invasere.
632 1239 754 1278 Simul
788 1238 935 1286 Civilis,
967 1251 1095 1286 ausus,
1126 1251 1176 1277 an
1211 1251 1259 1278 ex
1291 1238 1528 1289 composito,

151 1309 280 1348 intulit
300 1322 342 1348 se
361 1309 508 1360 agmini
528 1311 787 1360 Tungrorum,
810 1315 849 1348 et
868 1309 973 1347 clara
992 1321 1102 1357 voce,
1122 1312 1131 1329 ‘
1145 1310 1237 1347 Non
1259 1309 1374 1357 ideo‚'
1389 1308 1527 1359 inquit,

155 1380 322 1419 ‘bellum
352 1380 599 1430 sumpsimus,
621 1387 664 1418 ut
693 1379 831 1418 Batavi
860 1386 898 1418 et
926 1379 1084 1418 Treveri
1112 1378 1295 1429 gentibus
1323 1378 1525 1430 imperent.

152 1450 293 1488 Procul
313 1449 412 1488 haec
428 1462 451 1488 a
466 1449 581 1488 nobis
601 1449 840 1500 adrogantia.
894 1449 1074 1499 Accipite
1090 1449 1330 1488 societatem.
1383 1450 1527 1488 Trans-

152 1519 308 1569 gredior
327 1520 379 1558 ad
398 1532 479 1567 vos,
501 1532 571 1558 seu
590 1532 653 1558 me
672 1506 840 1558 ¹Ducem
858 1532 925 1558 seu
946 1518 1107 1558 militem
1127 1517 1332 1557 mavoltis.'
1389 1519 1527 1558 Move·
1548 1526 1568 1564 3

150 1589 265 1628 batur
284 1590 433 1640 volgu3‚
454 1589 761 1639 condebantque
780 1589 932 1639 gladios
947 1604 958 1638 3
985 1601 1074 1627 cum
1096 1589 1322 1638 Campanus
1342 1600 1388 1626 ac
1412 1589 1529 1638 Juve-

150 1659 263 1707 nalis,
291 1672 339 1698 ex
367 1659 601 1709 primoribus
630 1661 892 1710 Tungrorum,
922 1659 1142 1697 universam
1171 1657 1206 1697 ei
1233 1665 1392 1709 gentem
1421 1657 1529 1697 dedi-

152 1729 255 1768 dere.
1391 1727 1529 1768 Civilis

152 1798 330 1838 Betasios
359 1812 518 1849 quoque
546 1812 592 1837 ac
627 1798 806 1847 Nervios,
837 1799 877 1837 in
909 1800 1028 1838 fidem
1062 1806 1260 1849 acceptos,
1290 1797 1414 1848 copiis
1447 1797 1527 1838 suis

150 1868 351 1918 adjunxit:
380 1868 518 1919 ingens
538 1881 676 1917 rerum,
699 1868 886 1919 perculsis
907 1868 1108 1907 civitatum
1127 1868 1278 1916 animis,
1299 1869 1361 1907 vel
1385 1874 1527 1918 sponte

151 1937 442 1977 inclinantibus.

69 2008 129 2065 67
205 2009 362 2047 Interea
392 1999 519 2058 julius
553 2008 730 2057 Sabinus,
764 2009 949 2059 projectis
982 2007 1151 2048 foederis
1185 2007 1359 2048 Romani
1390 2020 1527 2047 monu-

151 816 361 863 adfectare‚
383 824 450 854 aut
475 815 773 855 adversantibus
802 817 948 854 bellum
978 815 1126 864 inferre,
1149 815 1292 855 statuit.

153 1099 246 1148 quia
283 1106 446 1148 pontem
487 1100 629 1137 Mosae
671 1097 839 1136 fluminis
881 1105 1142 1148 anteceperat.

314 1730 462 1777 Labeo,
502 1737 714 1779 antequam
757 1729 1112 1778 circumveniretur,
1151 1727 1331 1778 profugit.

151 2087 207 2119 the
230 2093 298 2119 text
328 2098 404 2128 may
426 2087 468 2119 be
490 2087 673 2128 explained,
710 2087 806 2119 ‘You

151 2141 226 2171 may
249 2131 291 2162 be
314 2131 454 2162 allowed
478 2135 511 2162 to
535 2141 623 2162 cross
645 2130 701 2161 the
724 2131 807 2162 river

150 2174 290 2205 without
306 2174 429 2215 having
445 2179 479 2205 to
497 2174 537 2205 be
552 2184 594 2205 on
611 2184 692 2214 your
703 2174 807 2215 guard

150 2218 279 2258 against
306 2228 348 2248 an
375 2227 515 2257 enemy;
551 2216 629 2258 only
655 2216 699 2248 let
726 2228 808 2258 your

150 2271 288 2302 passage
304 2261 345 2292 be
361 2260 458 2292 made
475 2261 506 2291 in
519 2260 573 2292 the
584 2259 665 2301 style
676 2260 806 2292 becom-

151 2304 208 2344 ing
230 2314 271 2334 an
287 2303 364 2345 ally,
383 2310 441 2335 not
458 2314 500 2335 an
516 2314 641 2344 enemy,
658 2303 740 2334 until
758 2314 806 2335 we

151 2346 213 2378 feel
241 2347 316 2378 able
343 2353 378 2378 to
404 2347 501 2378 allow
525 2347 604 2378 each
632 2347 725 2378 other
751 2346 807 2378 the

150 2389 295 2421 liberties
311 2389 350 2421 os
361 2401 380 2421 a
395 2389 662 2421 sellow-citizen.'

193 2432 214 2464 6
236 2435 332 2463 erma
345 2435 383 2464 112
398 2432 512 2475 turre]
538 2432 713 2464 Presumed
724 2432 806 2463 from

150 2485 179 2506 v.
215 2484 255 2506 22
278 2477 344 2518 fin.
377 2482 411 2507 to
440 2476 524 2507 have
551 2476 647 2508 stood
677 2486 720 2507 on
751 2476 806 2507 the

150 2518 258 2551 banks
292 2518 330 2551 os
358 2519 415 2551 the
451 2519 567 2561 Lippe.
635 2521 643 2536 ‘
661 2520 803 2552 Ceterum

870 2088 1018 2119 simililer
1045 2092 1150 2118 turres
1178 2087 1336 2118 habitasse
1359 2087 1527 2128 feruntur

869 2131 1059 2171 Brynlzilclr
1066 2136 1094 2161 et
1102 2130 1223 2172 Jettlza,
1236 2131 1354 2162 mulier
1360 2131 1525 2162 vaticiniis

871 2175 982 2205 inclita
1004 2174 1097 2215 apud
1119 2174 1258 2206 Grimm.
1306 2174 1445 2215 Mytlwl.
1467 2173 1518 2206 ed.

871 2217 902 2248 ii.
924 2229 955 2259 p.
977 2216 1027 2258 85,
1048 2217 1135 2257 374,’
1154 2217 1211 2248 Or.

915 2262 984 2292 CH.
1007 2261 1133 2292 LXVI.
1154 2259 1275 2298 Labeo]
1296 2259 1345 2300 56.
1367 2265 1397 2300 5.

913 2307 1054 2340 pontem
1070 2301 1200 2345 Mosae]
1227 2302 1401 2344 Supposed
1423 2306 1459 2334 to
1480 2301 1523 2335 be

871 2352 903 2378 at
921 2346 1126 2386 Maestricht,
1144 2347 1256 2378 Mosae
1275 2346 1308 2377 T
1303 2346 1445 2387 rajectus.

916 2398 936 2421 2
963 2399 1025 2421 seu
1047 2412 1056 2421 .
1079 2413 1087 2421 .
1117 2415 1123 2421 .
1147 2386 1329 2430 mavoms]
1366 2388 1523 2420 Imitated

871 2432 955 2464 from
973 2432 1040 2465 Sal.
1060 2433 1129 2464 Cal.
1147 2440 1197 2464 20.
1216 2431 1265 2470 16,
1277 2432 1327 2463 vel
1336 2432 1526 2473 imperatore

869 2477 921 2508 vel
934 2477 1033 2508 milite
1044 2487 1092 2506 me
1102 2475 1244 2507 utimini.

912 2519 980 2552 Cn.
1022 2519 1170 2551 LXVII.
1211 2519 1377 2554 projectis
1409 2542 1418 2550 .
1459 2541 1468 2550 .
1509 2541 1518 2550 .
