<?xml version="1.0" encoding="UTF-8"?>
<!DOCTYPE html PUBLIC "-//W3C//DTD XHTML 1.0 Transitional//EN"
    "http://www.w3.org/TR/xhtml1/DTD/xhtml1-transitional.dtd">
<html xmlns="http://www.w3.org/1999/xhtml" xml:lang="en" lang="en">
 <head>
  <title>
</title>
<meta http-equiv="Content-Type" content="text/html;charset=utf-8" />
  <meta name='ocr-system' content='tesseract 3.04.00' />
  <meta name='ocr-capabilities' content='ocr_page ocr_carea ocr_par ocr_line ocrx_word'/>
</head>
<body>
  <div class='ocr_page' id='page_1' title='image "./historiaehistory02taciuoft_0066.png"; bbox 0 0 1654 2694; ppageno 0'>
   <div class='ocr_carea' id='block_1_1' title="bbox 162 109 1122 163">
    <p class='ocr_par' dir='ltr' id='par_1_1' title="bbox 162 109 1122 163">
     <span class='ocr_line' id='line_1_1' title="bbox 162 109 1122 163; baseline -0.001 -9"><span class='ocrx_word' id='word_1_1' title='bbox 162 120 217 163; x_wconf 84' lang='lat'>54</span> <span class='ocrx_word' id='word_1_2' title='bbox 563 109 870 154; x_wconf 70' lang='lat' dir='ltr'>coam-:Lu</span> <span class='ocrx_word' id='word_1_3' title='bbox 904 110 1122 154; x_wconf 83' lang='lat' dir='ltr'>TAc1T1</span> 
     </span>
    </p>
   </div>
   <div class='ocr_carea' id='block_1_2' title="bbox 76 209 1575 1744">
    <p class='ocr_par' dir='ltr' id='par_1_2' title="bbox 157 209 1572 616">
     <span class='ocr_line' id='line_1_2' title="bbox 158 209 1531 266; baseline 0.001 -13"><span class='ocrx_word' id='word_1_4' title='bbox 158 223 197 253; x_wconf 91' lang='lat' dir='ltr'>et</span> <span class='ocrx_word' id='word_1_5' title='bbox 231 213 321 264; x_wconf 87' lang='lat' dir='ltr'>quia</span> <span class='ocrx_word' id='word_1_6' title='bbox 359 214 398 253; x_wconf 90' lang='lat' dir='ltr'>in</span> <span class='ocrx_word' id='word_1_7' title='bbox 432 222 538 253; x_wconf 88' lang='lat' dir='ltr'>metu</span> <span class='ocrx_word' id='word_1_8' title='bbox 570 214 733 254; x_wconf 90' lang='lat' dir='ltr'>consilia</span> <span class='ocrx_word' id='word_1_9' title='bbox 770 214 1018 266; x_wconf 89' lang='lat' dir='ltr'>prudentium</span> <span class='ocrx_word' id='word_1_10' title='bbox 1053 223 1092 254; x_wconf 89' lang='lat' dir='ltr'>et</span> <span class='ocrx_word' id='word_1_11' title='bbox 1119 214 1223 266; x_wconf 87' lang='lat' dir='ltr'>volgi</span> <span class='ocrx_word' id='word_1_12' title='bbox 1256 227 1387 255; x_wconf 92' lang='lat' dir='ltr'>rumor</span> <span class='ocrx_word' id='word_1_13' title='bbox 1420 209 1531 266; x_wconf 72' lang='lat' dir='ltr'>juxta</span> 
     </span>
     <span class='ocr_line' id='line_1_3' title="bbox 157 284 1572 336; baseline 0.001 -14"><span class='ocrx_word' id='word_1_14' title='bbox 157 285 375 323; x_wconf 87' lang='lat' dir='ltr'>audiuntur.</span> <span class='ocrx_word' id='word_1_15' title='bbox 434 285 619 324; x_wconf 91' lang='lat' dir='ltr'>Ceterum</span> <span class='ocrx_word' id='word_1_16' title='bbox 667 293 708 324; x_wconf 91' lang='lat' dir='ltr'>ut</span> <span class='ocrx_word' id='word_1_17' title='bbox 746 285 879 325; x_wconf 87' lang='lat' dir='ltr'>omnia</span> <span class='ocrx_word' id='word_1_18' title='bbox 918 285 1127 324; x_wconf 89' lang='lat' dir='ltr'><strong>inconsulti</strong></span> <span class='ocrx_word' id='word_1_19' title='bbox 1174 285 1341 336; x_wconf 90' lang='lat' dir='ltr'>impetus</span> <span class='ocrx_word' id='word_1_20' title='bbox 1388 284 1572 336; x_wconf 88' lang='lat' dir='ltr'>coepta6</span> 
     </span>
     <span class='ocr_line' id='line_1_4' title="bbox 157 354 1530 406; baseline 0.001 -14"><span class='ocrx_word' id='word_1_21' title='bbox 157 354 275 392; x_wconf 88' lang='lat' dir='ltr'>initiis</span> <span class='ocrx_word' id='word_1_22' title='bbox 308 354 437 393; x_wconf 81' lang='lat' dir='ltr'>valida</span> <span class='ocrx_word' id='word_1_23' title='bbox 474 354 600 405; x_wconf 89' lang='lat' dir='ltr'>spatio</span> <span class='ocrx_word' id='word_1_24' title='bbox 637 356 904 406; x_wconf 85' lang='lat' dir='ltr'>languescunt,</span> <span class='ocrx_word' id='word_1_25' title='bbox 939 355 1060 394; x_wconf 89' lang='lat' dir='ltr'>dilabi</span> <span class='ocrx_word' id='word_1_26' title='bbox 1098 355 1295 406; x_wconf 86' lang='lat' dir='ltr'>paulatim,</span> <span class='ocrx_word' id='word_1_27' title='bbox 1330 362 1530 395; x_wconf 88' lang='lat' dir='ltr'>senatores</span> 
     </span>
     <span class='ocr_line' id='line_1_5' title="bbox 158 425 1531 476; baseline 0 -12"><span class='ocrx_word' id='word_1_28' title='bbox 158 426 399 476; x_wconf 86' lang='lat' dir='ltr'>equitesque,</span> <span class='ocrx_word' id='word_1_29' title='bbox 435 425 561 476; x_wconf 91' lang='lat' dir='ltr'>primo</span> <span class='ocrx_word' id='word_1_30' title='bbox 591 433 820 464; x_wconf 81' lang='lat' dir='ltr'>cunctanter</span> <span class='ocrx_word' id='word_1_31' title='bbox 853 434 891 464; x_wconf 87' lang='lat' dir='ltr'>et</span> <span class='ocrx_word' id='word_1_32' title='bbox 924 425 990 464; x_wconf 91' lang='lat' dir='ltr'>ubi</span> <span class='ocrx_word' id='word_1_33' title='bbox 1029 425 1113 475; x_wconf 89' lang='lat' dir='ltr'>ipse</span> <span class='ocrx_word' id='word_1_34' title='bbox 1145 438 1226 464; x_wconf 91' lang='lat' dir='ltr'>non</span> <span class='ocrx_word' id='word_1_35' title='bbox 1259 425 1403 473; x_wconf 90' lang='lat' dir='ltr'>aderat,</span> <span class='ocrx_word' id='word_1_36' title='bbox 1439 437 1531 464; x_wconf 84' lang='lat' dir='ltr'>mox</span> 
     </span>
     <span class='ocr_line' id='line_1_6' title="bbox 157 493 1530 547; baseline -0.001 -13"><span class='ocrx_word' id='word_1_37' title='bbox 157 496 415 547; x_wconf 86' lang='lat' dir='ltr'>contemptim</span> <span class='ocrx_word' id='word_1_38' title='bbox 445 504 484 535; x_wconf 89' lang='lat' dir='ltr'>et</span> <span class='ocrx_word' id='word_1_39' title='bbox 511 496 595 535; x_wconf 90' lang='lat' dir='ltr'>sine</span> <span class='ocrx_word' id='word_1_40' title='bbox 625 496 858 545; x_wconf 88' lang='lat' dir='ltr'>discrimine,</span> <span class='ocrx_word' id='word_1_41' title='bbox 881 497 1010 535; x_wconf 93' lang='lat' dir='ltr'>donec</span> <span class='ocrx_word' id='word_1_42' title='bbox 1035 495 1228 544; x_wconf 89' lang='lat' dir='ltr'>Vitellius,</span> <span class='ocrx_word' id='word_1_43' title='bbox 1248 495 1398 546; x_wconf 91' lang='lat' dir='ltr'>pudore</span> <span class='ocrx_word' id='word_1_44' title='bbox 1426 493 1530 534; x_wconf 86' lang='lat' dir='ltr'>inriti</span> 
     </span>
     <span class='ocr_line' id='line_1_7' title="bbox 157 565 956 616; baseline -0.001 -11"><span class='ocrx_word' id='word_1_45' title='bbox 157 574 332 613; x_wconf 88' lang='lat' dir='ltr'>conatus,</span> <span class='ocrx_word' id='word_1_46' title='bbox 355 579 455 616; x_wconf 90' lang='lat' dir='ltr'>quae</span> <span class='ocrx_word' id='word_1_47' title='bbox 474 578 555 605; x_wconf 90' lang='lat' dir='ltr'>non</span> <span class='ocrx_word' id='word_1_48' title='bbox 575 566 778 614; x_wconf 86' lang='lat' dir='ltr'>dabantur,</span> <span class='ocrx_word' id='word_1_49' title='bbox 800 565 956 604; x_wconf 87' lang='lat' dir='ltr'>remisit.</span> 
     </span>
    </p>

    <p class='ocr_par' dir='ltr' id='par_1_3' title="bbox 76 635 1575 1744">
     <span class='ocr_line' id='line_1_8' title="bbox 76 635 1531 686; baseline -0.002 -10"><span class='ocrx_word' id='word_1_50' title='bbox 76 639 138 685; x_wconf 75' lang='grc'>59</span> <span class='ocrx_word' id='word_1_51' title='bbox 211 638 267 676; x_wconf 89' lang='lat' dir='ltr'>Ut</span> <span class='ocrx_word' id='word_1_52' title='bbox 296 645 481 676; x_wconf 90' lang='lat' dir='ltr'>terrorem</span> <span class='ocrx_word' id='word_1_53' title='bbox 511 637 648 676; x_wconf 80' lang='lat' dir='ltr'>Italiae</span> <span class='ocrx_word' id='word_1_54' title='bbox 668 649 849 686; x_wconf 89' lang='lat' dir='ltr'>possessa</span> <span class='ocrx_word' id='word_1_55' title='bbox 879 635 1064 674; x_wconf 84' lang='lat' dir='ltr'>Mevania</span> <span class='ocrx_word' id='word_1_56' title='bbox 1088 649 1134 674; x_wconf 89' lang='lat' dir='ltr'>ac</span> <span class='ocrx_word' id='word_1_57' title='bbox 1154 637 1259 676; x_wconf 90' lang='lat' dir='ltr'>velut</span> <span class='ocrx_word' id='word_1_58' title='bbox 1287 641 1463 674; x_wconf 89' lang='lat' dir='ltr'>renatum</span> <span class='ocrx_word' id='word_1_59' title='bbox 1483 647 1531 674; x_wconf 86' lang='lat' dir='ltr'>ex</span> 
     </span>
     <span class='ocr_line' id='line_1_9' title="bbox 156 705 1531 758; baseline -0.001 -12"><span class='ocrx_word' id='word_1_60' title='bbox 156 707 307 758; x_wconf 88' lang='lat' dir='ltr'>integro</span> <span class='ocrx_word' id='word_1_61' title='bbox 345 708 491 746; x_wconf 90' lang='lat' dir='ltr'>bellum</span> <span class='ocrx_word' id='word_1_62' title='bbox 528 707 719 756; x_wconf 88' lang='lat' dir='ltr'>intulerat,</span> <span class='ocrx_word' id='word_1_63' title='bbox 759 707 812 746; x_wconf 87' lang='lat' dir='ltr'>ita</span> <span class='ocrx_word' id='word_1_64' title='bbox 853 707 959 746; x_wconf 90' lang='lat' dir='ltr'>haud</span> <span class='ocrx_word' id='word_1_65' title='bbox 997 707 1159 746; x_wconf 91' lang='lat' dir='ltr'>dubium</span> <span class='ocrx_word' id='word_1_66' title='bbox 1197 719 1288 757; x_wconf 89' lang='lat' dir='ltr'>erga</span> <span class='ocrx_word' id='word_1_67' title='bbox 1324 705 1531 745; x_wconf 87' lang='lat' dir='ltr'>Flavianas</span> 
     </span>
     <span class='ocr_line' id='line_1_10' title="bbox 155 777 1568 829; baseline -0.001 -11"><span class='ocrx_word' id='word_1_68' title='bbox 155 788 286 829; x_wconf 90' lang='lat' dir='ltr'>partes</span> <span class='ocrx_word' id='word_1_69' title='bbox 303 778 474 817; x_wconf 89' lang='lat' dir='ltr'>studium</span> <span class='ocrx_word' id='word_1_70' title='bbox 494 786 571 817; x_wconf 84' lang='lat' dir='ltr'>tam</span> <span class='ocrx_word' id='word_1_71' title='bbox 593 779 756 828; x_wconf 88' lang='lat' dir='ltr'>pavidus</span> <span class='ocrx_word' id='word_1_72' title='bbox 773 778 918 818; x_wconf 92' lang='lat' dir='ltr'>Vitellii</span> <span class='ocrx_word' id='word_1_73' title='bbox 935 777 1130 817; x_wconf 90' lang='lat' dir='ltr'>discessus</span> <span class='ocrx_word' id='word_1_74' title='bbox 1144 777 1308 817; x_wconf 90' lang='lat' dir='ltr'>addidit.</span> <span class='ocrx_word' id='word_1_75' title='bbox 1367 778 1530 816; x_wconf 88' lang='lat' dir='ltr'>Erectus</span> <span class='ocrx_word' id='word_1_76' title='bbox 1549 791 1568 816; x_wconf 92' lang='lat'><em>2</em></span> 
     </span>
     <span class='ocr_line' id='line_1_11' title="bbox 155 846 1532 899; baseline 0 -12"><span class='ocrx_word' id='word_1_77' title='bbox 155 848 311 888; x_wconf 90' lang='lat' dir='ltr'>Samnis</span> <span class='ocrx_word' id='word_1_78' title='bbox 346 848 607 899; x_wconf 90' lang='lat' dir='ltr'>Pelignusque</span> <span class='ocrx_word' id='word_1_79' title='bbox 636 856 675 887; x_wconf 92' lang='lat' dir='ltr'>et</span> <span class='ocrx_word' id='word_1_80' title='bbox 710 848 832 887; x_wconf 86' lang='lat' dir='ltr'>Marsi</span> <span class='ocrx_word' id='word_1_81' title='bbox 864 848 1138 894; x_wconf 89' lang='lat' dir='ltr'>aemulatione,</span> <span class='ocrx_word' id='word_1_82' title='bbox 1169 848 1275 898; x_wconf 89' lang='lat' dir='ltr'>quod</span> <span class='ocrx_word' id='word_1_83' title='bbox 1310 846 1532 898; x_wconf 87' lang='lat' dir='ltr'>Campania</span> 
     </span>
     <span class='ocr_line' id='line_1_12' title="bbox 155 917 1531 970; baseline 0 -13"><span class='ocrx_word' id='word_1_84' title='bbox 155 918 431 970; x_wconf 89' lang='lat' dir='ltr'>praevenisset,</span> <span class='ocrx_word' id='word_1_85' title='bbox 453 927 495 957; x_wconf 89' lang='lat' dir='ltr'>ut</span> <span class='ocrx_word' id='word_1_86' title='bbox 515 918 555 956; x_wconf 91' lang='lat' dir='ltr'>in</span> <span class='ocrx_word' id='word_1_87' title='bbox 575 931 680 958; x_wconf 90' lang='lat' dir='ltr'>novo</span> <span class='ocrx_word' id='word_1_88' title='bbox 700 919 902 968; x_wconf 87' lang='lat' dir='ltr'>obsequio,</span> <span class='ocrx_word' id='word_1_89' title='bbox 925 918 976 957; x_wconf 91' lang='lat' dir='ltr'>ad</span> <span class='ocrx_word' id='word_1_90' title='bbox 997 925 1139 957; x_wconf 88' lang='lat' dir='ltr'>cuncta</span> <span class='ocrx_word' id='word_1_91' title='bbox 1157 917 1250 957; x_wconf 93' lang='lat' dir='ltr'>belli</span> <span class='ocrx_word' id='word_1_92' title='bbox 1269 917 1404 956; x_wconf 90' lang='lat' dir='ltr'>munia</span> <span class='ocrx_word' id='word_1_93' title='bbox 1421 930 1531 958; x_wconf 90' lang='lat' dir='ltr'>acres</span> 
     </span>
     <span class='ocr_line' id='line_1_13' title="bbox 155 988 1570 1040; baseline 0.001 -12"><span class='ocrx_word' id='word_1_94' title='bbox 155 998 275 1029; x_wconf 90' lang='lat' dir='ltr'>erant.</span> <span class='ocrx_word' id='word_1_95' title='bbox 333 990 411 1028; x_wconf 89' lang='lat' dir='ltr'>Sed</span> <span class='ocrx_word' id='word_1_96' title='bbox 439 989 556 1028; x_wconf 88' lang='lat' dir='ltr'>foeda</span> <span class='ocrx_word' id='word_1_97' title='bbox 584 989 712 1028; x_wconf 89' lang='lat' dir='ltr'>hieme</span> <span class='ocrx_word' id='word_1_98' title='bbox 732 1002 801 1040; x_wconf 88' lang='lat' dir='ltr'>per</span> <span class='ocrx_word' id='word_1_99' title='bbox 829 988 1032 1027; x_wconf 89' lang='lat' dir='ltr'>transitum</span> <span class='ocrx_word' id='word_1_100' title='bbox 1061 988 1260 1039; x_wconf 87' lang='lat' dir='ltr'>Apennini</span> <span class='ocrx_word' id='word_1_101' title='bbox 1283 988 1530 1028; x_wconf 88' lang='lat' dir='ltr'>conflictatus</span> <span class='ocrx_word' id='word_1_102' title='bbox 1549 991 1570 1030; x_wconf 88' lang='lat'>3</span> 
     </span>
     <span class='ocr_line' id='line_1_14' title="bbox 155 1058 1531 1110; baseline 0 -12"><span class='ocrx_word' id='word_1_103' title='bbox 155 1060 347 1098; x_wconf 87' lang='lat' dir='ltr'>exercitus</span> <span class='ocrx_word' id='word_1_104' title='bbox 365 1075 376 1109; x_wconf 76' lang='lat'><em>3</em></span> <span class='ocrx_word' id='word_1_105' title='bbox 421 1067 460 1098; x_wconf 92' lang='lat' dir='ltr'>et</span> <span class='ocrx_word' id='word_1_106' title='bbox 497 1059 561 1098; x_wconf 88' lang='lat' dir='ltr'>vix</span> <span class='ocrx_word' id='word_1_107' title='bbox 597 1059 731 1109; x_wconf 84' lang='lat' dir='ltr'>quieto</span> <span class='ocrx_word' id='word_1_108' title='bbox 768 1059 922 1110; x_wconf 90' lang='lat' dir='ltr'>agmine</span> <span class='ocrx_word' id='word_1_109' title='bbox 960 1058 1069 1098; x_wconf 91' lang='lat' dir='ltr'>nives</span> <span class='ocrx_word' id='word_1_110' title='bbox 1107 1059 1368 1098; x_wconf 90' lang='lat' dir='ltr'>eluctantibus</span> <span class='ocrx_word' id='word_1_111' title='bbox 1405 1059 1531 1110; x_wconf 85' lang='lat' dir='ltr'>patuit</span> 
     </span>
     <span class='ocr_line' id='line_1_15' title="bbox 155 1129 1533 1181; baseline 0 -13"><span class='ocrx_word' id='word_1_112' title='bbox 155 1139 345 1181; x_wconf 90' lang='lat' dir='ltr'>quantum</span> <span class='ocrx_word' id='word_1_113' title='bbox 375 1129 609 1169; x_wconf 85' lang='lat' dir='ltr'>discriminis</span> <span class='ocrx_word' id='word_1_114' title='bbox 637 1130 864 1169; x_wconf 87' lang='lat' dir='ltr'>adeundum</span> <span class='ocrx_word' id='word_1_115' title='bbox 893 1130 1003 1177; x_wconf 91' lang='lat' dir='ltr'>foret,</span> <span class='ocrx_word' id='word_1_116' title='bbox 1033 1129 1074 1168; x_wconf 90' lang='lat' dir='ltr'>ni</span> <span class='ocrx_word' id='word_1_117' title='bbox 1102 1129 1302 1168; x_wconf 91' lang='lat' dir='ltr'>Vitellium</span> <span class='ocrx_word' id='word_1_118' title='bbox 1330 1137 1432 1169; x_wconf 89' lang='lat' dir='ltr'>retro</span> <span class='ocrx_word' id='word_1_119' title='bbox 1459 1130 1533 1169; x_wconf 89' lang='lat' dir='ltr'>for-</span> 
     </span>
     <span class='ocr_line' id='line_1_16' title="bbox 156 1199 1531 1250; baseline -0.001 -11"><span class='ocrx_word' id='word_1_120' title='bbox 156 1210 249 1239; x_wconf 88' lang='lat' dir='ltr'>tuna</span> <span class='ocrx_word' id='word_1_121' title='bbox 268 1199 456 1249; x_wconf 89' lang='lat' dir='ltr'>vertisset,</span> <span class='ocrx_word' id='word_1_122' title='bbox 479 1213 579 1250; x_wconf 89' lang='lat' dir='ltr'>quae</span> <span class='ocrx_word' id='word_1_123' title='bbox 601 1199 795 1239; x_wconf 88' lang='lat' dir='ltr'>Flavianis</span> <span class='ocrx_word' id='word_1_124' title='bbox 821 1199 986 1239; x_wconf 91' lang='lat' dir='ltr'>ducibus</span> <span class='ocrx_word' id='word_1_125' title='bbox 1007 1212 1088 1238; x_wconf 92' lang='lat' dir='ltr'>non</span> <span class='ocrx_word' id='word_1_126' title='bbox 1117 1199 1245 1238; x_wconf 85' lang='lat' dir='ltr'>minus</span> <span class='ocrx_word' id='word_1_127' title='bbox 1273 1212 1392 1250; x_wconf 88' lang='lat' dir='ltr'>saepe</span> <span class='ocrx_word' id='word_1_128' title='bbox 1412 1211 1531 1250; x_wconf 87' lang='lat' dir='ltr'>quam</span> 
     </span>
     <span class='ocr_line' id='line_1_17' title="bbox 157 1269 1575 1320; baseline 0 -11"><span class='ocrx_word' id='word_1_129' title='bbox 157 1271 256 1310; x_wconf 90' lang='lat' dir='ltr'>ratio</span> <span class='ocrx_word' id='word_1_130' title='bbox 276 1270 411 1309; x_wconf 91' lang='lat' dir='ltr'>adfuit.</span> <span class='ocrx_word' id='word_1_131' title='bbox 469 1269 642 1311; x_wconf 89' lang='lat' dir='ltr'>Obvium</span> <span class='ocrx_word' id='word_1_132' title='bbox 663 1270 740 1309; x_wconf 90' lang='lat' dir='ltr'>illic</span> <span class='ocrx_word' id='word_1_133' title='bbox 761 1270 941 1309; x_wconf 89' lang='lat' dir='ltr'>Petilium</span> <span class='ocrx_word' id='word_1_134' title='bbox 963 1269 1155 1310; x_wconf 90' lang='lat' dir='ltr'>Cerialem</span> <span class='ocrx_word' id='word_1_135' title='bbox 1185 1269 1367 1318; x_wconf 85' lang='lat' dir='ltr'>habuere,</span> <span class='ocrx_word' id='word_1_136' title='bbox 1389 1269 1530 1320; x_wconf 89' lang='lat' dir='ltr'>agresti</span> <span class='ocrx_word' id='word_1_137' title='bbox 1549 1276 1575 1309; x_wconf 89' lang='lat'>4</span> 
     </span>
     <span class='ocr_line' id='line_1_18' title="bbox 155 1340 1532 1391; baseline -0.001 -10"><span class='ocrx_word' id='word_1_138' title='bbox 155 1344 262 1381; x_wconf 89' lang='lat' dir='ltr'>cultu</span> <span class='ocrx_word' id='word_1_139' title='bbox 279 1349 317 1381; x_wconf 90' lang='lat' dir='ltr'>et</span> <span class='ocrx_word' id='word_1_140' title='bbox 336 1341 476 1381; x_wconf 87' lang='lat' dir='ltr'>notitia</span> <span class='ocrx_word' id='word_1_141' title='bbox 490 1342 666 1380; x_wconf 90' lang='lat' dir='ltr'>locorum</span> <span class='ocrx_word' id='word_1_142' title='bbox 682 1341 880 1380; x_wconf 89' lang='lat' dir='ltr'>custodias</span> <span class='ocrx_word' id='word_1_143' title='bbox 895 1340 1043 1380; x_wconf 88' lang='lat' dir='ltr'>Vitellii</span> <span class='ocrx_word' id='word_1_144' title='bbox 1059 1341 1246 1391; x_wconf 90' lang='lat' dir='ltr'>elapsum.</span> <span class='ocrx_word' id='word_1_145' title='bbox 1303 1340 1532 1391; x_wconf 88' lang='lat' dir='ltr'>Propinqua</span> 
     </span>
     <span class='ocr_line' id='line_1_19' title="bbox 157 1411 1532 1463; baseline 0.001 -13"><span class='ocrx_word' id='word_1_146' title='bbox 157 1411 340 1451; x_wconf 88' lang='lat' dir='ltr'>adfinitas</span> <span class='ocrx_word' id='word_1_147' title='bbox 361 1411 503 1452; x_wconf 89' lang='lat' dir='ltr'>Ceriali</span> <span class='ocrx_word' id='word_1_148' title='bbox 523 1425 612 1450; x_wconf 92' lang='lat' dir='ltr'>cum</span> <span class='ocrx_word' id='word_1_149' title='bbox 636 1411 893 1462; x_wconf 88' lang='lat' dir='ltr'>Vespasiano,</span> <span class='ocrx_word' id='word_1_150' title='bbox 915 1425 989 1451; x_wconf 93' lang='lat' dir='ltr'>nec</span> <span class='ocrx_word' id='word_1_151' title='bbox 1017 1412 1102 1462; x_wconf 89' lang='lat' dir='ltr'>ipse</span> <span class='ocrx_word' id='word_1_152' title='bbox 1129 1411 1314 1463; x_wconf 86' lang='lat' dir='ltr'>inglorius</span> <span class='ocrx_word' id='word_1_153' title='bbox 1343 1411 1504 1452; x_wconf 89' lang='lat' dir='ltr'>militiae</span> <span class='ocrx_word' id='word_1_154' title='bbox 1520 1425 1532 1461; x_wconf 88' lang='lat'>;</span> 
     </span>
     <span class='ocr_line' id='line_1_20' title="bbox 157 1481 1570 1532; baseline 0.002 -11"><span class='ocrx_word' id='word_1_155' title='bbox 157 1496 284 1532; x_wconf 90' lang='lat' dir='ltr'>eoque</span> <span class='ocrx_word' id='word_1_156' title='bbox 311 1482 411 1522; x_wconf 91' lang='lat' dir='ltr'>inter</span> <span class='ocrx_word' id='word_1_157' title='bbox 439 1483 560 1521; x_wconf 88' lang='lat' dir='ltr'>duces</span> <span class='ocrx_word' id='word_1_158' title='bbox 588 1482 820 1532; x_wconf 88' lang='lat' dir='ltr'>adsumptus</span> <span class='ocrx_word' id='word_1_159' title='bbox 848 1489 918 1521; x_wconf 88' lang='lat' dir='ltr'>est.</span> <span class='ocrx_word' id='word_1_160' title='bbox 975 1482 1112 1521; x_wconf 90' lang='lat' dir='ltr'>Flavio</span> <span class='ocrx_word' id='word_1_161' title='bbox 1132 1495 1290 1532; x_wconf 91' lang='lat' dir='ltr'>quoque</span> <span class='ocrx_word' id='word_1_162' title='bbox 1317 1481 1465 1522; x_wconf 88' lang='lat' dir='ltr'>Sabino</span> <span class='ocrx_word' id='word_1_163' title='bbox 1483 1495 1531 1522; x_wconf 92' lang='lat' dir='ltr'>ac</span> <span class='ocrx_word' id='word_1_164' title='bbox 1550 1485 1570 1525; x_wconf 87' lang='lat'>5</span> 
     </span>
     <span class='ocr_line' id='line_1_21' title="bbox 158 1551 1530 1603; baseline 0.001 -12"><span class='ocrx_word' id='word_1_165' title='bbox 158 1552 389 1592; x_wconf 90' lang='lat' dir='ltr'>Domitiano</span> <span class='ocrx_word' id='word_1_166' title='bbox 422 1552 593 1603; x_wconf 86' lang='lat' dir='ltr'>patuisse</span> <span class='ocrx_word' id='word_1_167' title='bbox 627 1552 810 1603; x_wconf 80' lang='lat' dir='ltr'>effugium</span> <span class='ocrx_word' id='word_1_168' title='bbox 849 1551 960 1591; x_wconf 91' lang='lat' dir='ltr'>multi</span> <span class='ocrx_word' id='word_1_169' title='bbox 998 1552 1216 1602; x_wconf 89' lang='lat' dir='ltr'>tradidere;</span> <span class='ocrx_word' id='word_1_170' title='bbox 1261 1560 1299 1592; x_wconf 91' lang='lat' dir='ltr'>et</span> <span class='ocrx_word' id='word_1_171' title='bbox 1335 1552 1442 1592; x_wconf 87' lang='lat' dir='ltr'>missi</span> <span class='ocrx_word' id='word_1_172' title='bbox 1479 1553 1530 1593; x_wconf 93' lang='lat' dir='ltr'>ab</span> 
     </span>
     <span class='ocr_line' id='line_1_22' title="bbox 157 1623 1530 1673; baseline 0.001 -12"><span class='ocrx_word' id='word_1_173' title='bbox 157 1623 334 1662; x_wconf 88' lang='lat' dir='ltr'>Antonio</span> <span class='ocrx_word' id='word_1_174' title='bbox 354 1623 480 1661; x_wconf 87' lang='lat' dir='ltr'>nuntii</span> <span class='ocrx_word' id='word_1_175' title='bbox 501 1635 570 1672; x_wconf 92' lang='lat' dir='ltr'>per</span> <span class='ocrx_word' id='word_1_176' title='bbox 589 1623 713 1661; x_wconf 91' lang='lat' dir='ltr'>varias</span> <span class='ocrx_word' id='word_1_177' title='bbox 735 1623 893 1662; x_wconf 88' lang='lat' dir='ltr'>fallendi</span> <span class='ocrx_word' id='word_1_178' title='bbox 922 1630 1023 1662; x_wconf 88' lang='lat' dir='ltr'>artes</span> <span class='ocrx_word' id='word_1_179' title='bbox 1043 1624 1313 1673; x_wconf 83' lang='lat' dir='ltr'>penetrabant,</span> <span class='ocrx_word' id='word_1_180' title='bbox 1334 1623 1465 1662; x_wconf 90' lang='lat' dir='ltr'>locum</span> <span class='ocrx_word' id='word_1_181' title='bbox 1482 1635 1530 1663; x_wconf 92' lang='lat' dir='ltr'>ac</span> 
     </span>
     <span class='ocr_line' id='line_1_23' title="bbox 156 1692 1573 1744; baseline 0.001 -12"><span class='ocrx_word' id='word_1_182' title='bbox 156 1693 395 1744; x_wconf 87' lang='lat' dir='ltr'>praesidium</span> <span class='ocrx_word' id='word_1_183' title='bbox 412 1701 683 1732; x_wconf 87' lang='lat' dir='ltr'>monstrantes.</span> <span class='ocrx_word' id='word_1_184' title='bbox 741 1693 907 1733; x_wconf 86' lang='lat' dir='ltr'>Sabinus</span> <span class='ocrx_word' id='word_1_185' title='bbox 924 1693 1136 1732; x_wconf 89' lang='lat' dir='ltr'>inhabilem</span> <span class='ocrx_word' id='word_1_186' title='bbox 1152 1692 1275 1732; x_wconf 87' lang='lat' dir='ltr'>labori</span> <span class='ocrx_word' id='word_1_187' title='bbox 1289 1701 1327 1732; x_wconf 90' lang='lat' dir='ltr'>et</span> <span class='ocrx_word' id='word_1_188' title='bbox 1343 1693 1530 1734; x_wconf 85' lang='lat' dir='ltr'>audaciae</span> <span class='ocrx_word' id='word_1_189' title='bbox 1549 1700 1573 1739; x_wconf 92' lang='lat'><strong>6</strong></span> 
     </span>
    </p>
   </div>
   <div class='ocr_carea' id='block_1_3' title="bbox 152 1820 1538 2080">
    <p class='ocr_par' dir='ltr' id='par_1_4' title="bbox 152 1820 1538 2080">
     <span class='ocr_line' id='line_1_24' title="bbox 154 1820 1538 1862; baseline 0.001 -8"><span class='ocrx_word' id='word_1_190' title='bbox 154 1821 257 1854; x_wconf 80' lang='lat' dir='ltr'>belief</span> <span class='ocrx_word' id='word_1_191' title='bbox 269 1822 303 1853; x_wconf 91' lang='lat' dir='ltr'>in</span> <span class='ocrx_word' id='word_1_192' title='bbox 326 1821 382 1853; x_wconf 89' lang='lat' dir='ltr'>the</span> <span class='ocrx_word' id='word_1_193' title='bbox 405 1821 545 1862; x_wconf 88' lang='lat' dir='ltr'>sanctity</span> <span class='ocrx_word' id='word_1_194' title='bbox 567 1820 606 1852; x_wconf 90' lang='lat' dir='ltr'>of</span> <span class='ocrx_word' id='word_1_195' title='bbox 623 1821 679 1852; x_wconf 86' lang='lat' dir='ltr'>the</span> <span class='ocrx_word' id='word_1_196' title='bbox 702 1831 807 1853; x_wconf 85' lang='lat' dir='ltr'>name.</span> <span class='ocrx_word' id='word_1_197' title='bbox 920 1829 938 1861; x_wconf 90' lang='lat'>3</span> <span class='ocrx_word' id='word_1_198' title='bbox 975 1824 1036 1853; x_wconf 78' lang='lat' dir='ltr'>le</span> <span class='ocrx_word' id='word_1_199' title='bbox 1074 1846 1082 1854; x_wconf 91' lang='lat'><strong><em>.</em></strong></span> <span class='ocrx_word' id='word_1_200' title='bbox 1124 1845 1131 1853; x_wconf 92' lang='lat'><em>.</em></span> <span class='ocrx_word' id='word_1_201' title='bbox 1173 1845 1181 1854; x_wconf 89' lang='lat'><strong>.</strong></span> <span class='ocrx_word' id='word_1_202' title='bbox 1225 1824 1462 1854; x_wconf 68' lang='lat' dir='ltr'>eluctantibus</span> <span class='ocrx_word' id='word_1_203' title='bbox 1497 1821 1538 1855; x_wconf 78' lang='lat' dir='ltr'>os</span> 
     </span>
     <span class='ocr_line' id='line_1_25' title="bbox 155 1864 1532 1908; baseline 0.001 -11"><span class='ocrx_word' id='word_1_204' title='bbox 155 1866 230 1897; x_wconf 88' lang='lat' dir='ltr'>One</span> <span class='ocrx_word' id='word_1_205' title='bbox 246 1876 322 1906; x_wconf 87' lang='lat' dir='ltr'>may</span> <span class='ocrx_word' id='word_1_206' title='bbox 338 1865 498 1896; x_wconf 85' lang='lat' dir='ltr'>illustrate</span> <span class='ocrx_word' id='word_1_207' title='bbox 515 1864 597 1895; x_wconf 80' lang='lat' dir='ltr'>from</span> <span class='ocrx_word' id='word_1_208' title='bbox 621 1864 677 1896; x_wconf 87' lang='lat' dir='ltr'>the</span> <span class='ocrx_word' id='word_1_209' title='bbox 701 1875 757 1896; x_wconf 87' lang='lat' dir='ltr'>use</span> <span class='ocrx_word' id='word_1_210' title='bbox 779 1864 817 1896; x_wconf 89' lang='lat' dir='ltr'>os</span> <span class='ocrx_word' id='word_1_211' title='bbox 877 1875 990 1896; x_wconf 90' lang='lat' dir='ltr'>course</span> <span class='ocrx_word' id='word_1_212' title='bbox 1019 1875 1063 1906; x_wconf 83' lang='lat' dir='ltr'>go</span> <span class='ocrx_word' id='word_1_213' title='bbox 1086 1865 1261 1907; x_wconf 88' lang='lat' dir='ltr'>together:</span> <span class='ocrx_word' id='word_1_214' title='bbox 1285 1865 1344 1898; x_wconf 89' lang='lat' dir='ltr'>Or.</span> <span class='ocrx_word' id='word_1_215' title='bbox 1366 1865 1532 1908; x_wconf 83' lang='lat' dir='ltr'>strangely</span> 
     </span>
     <span class='ocr_line' id='line_1_26' title="bbox 154 1907 1536 1951; baseline 0.001 -11"><span class='ocrx_word' id='word_1_216' title='bbox 154 1909 210 1941; x_wconf 90' lang='lat' dir='ltr'>the</span> <span class='ocrx_word' id='word_1_217' title='bbox 240 1909 331 1940; x_wconf 88' lang='lat' dir='ltr'>word</span> <span class='ocrx_word' id='word_1_218' title='bbox 362 1909 394 1939; x_wconf 90' lang='lat' dir='ltr'>in</span> <span class='ocrx_word' id='word_1_219' title='bbox 419 1908 510 1949; x_wconf 85' lang='lat' dir='ltr'>Virg.</span> <span class='ocrx_word' id='word_1_220' title='bbox 535 1909 617 1939; x_wconf 81' lang='lat' dir='ltr'>Aen.</span> <span class='ocrx_word' id='word_1_221' title='bbox 645 1908 698 1939; x_wconf 86' lang='lat' dir='ltr'>xii.</span> <span class='ocrx_word' id='word_1_222' title='bbox 734 1907 807 1948; x_wconf 83' lang='lat'>817,</span> <span class='ocrx_word' id='word_1_223' title='bbox 875 1908 1023 1949; x_wconf 85' lang='lat' dir='ltr'>explains</span> <span class='ocrx_word' id='word_1_224' title='bbox 1053 1909 1112 1939; x_wconf 77' lang='lat' dir='ltr'>vix</span> <span class='ocrx_word' id='word_1_225' title='bbox 1141 1910 1242 1950; x_wconf 77' lang='lat' dir='ltr'>quielo</span> <span class='ocrx_word' id='word_1_226' title='bbox 1281 1909 1415 1950; x_wconf 83' lang='lat' dir='ltr'>‘quippe</span> <span class='ocrx_word' id='word_1_227' title='bbox 1447 1909 1536 1951; x_wconf 87' lang='lat' dir='ltr'>quod</span> 
     </span>
     <span class='ocr_line' id='line_1_27' title="bbox 153 1951 1530 1994; baseline 0.001 -11"><span class='ocrx_word' id='word_1_228' title='bbox 153 1964 223 1983; x_wconf 85' lang='lat' dir='ltr'>una</span> <span class='ocrx_word' id='word_1_229' title='bbox 245 1952 424 1994; x_wconf 79' lang='lat' dir='ltr'>superstitio</span> <span class='ocrx_word' id='word_1_230' title='bbox 445 1952 566 1992; x_wconf 79' lang='lat' dir='ltr'>superis</span> <span class='ocrx_word' id='word_1_231' title='bbox 587 1961 670 1992; x_wconf 85' lang='lat' dir='ltr'>quae</span> <span class='ocrx_word' id='word_1_232' title='bbox 691 1951 811 1982; x_wconf 81' lang='lat' dir='ltr'>reddita</span> <span class='ocrx_word' id='word_1_233' title='bbox 867 1957 968 1992; x_wconf 80' lang='lat' dir='ltr'>prope</span> <span class='ocrx_word' id='word_1_234' title='bbox 980 1953 1130 1983; x_wconf 82' lang='lat' dir='ltr'>continuo</span> <span class='ocrx_word' id='word_1_235' title='bbox 1139 1952 1530 1994; x_wconf 71' lang='lat' dir='ltr'>turharduratqueinter-</span> 
     </span>
     <span class='ocr_line' id='line_1_28' title="bbox 152 1994 1526 2037; baseline 0.001 -11"><span class='ocrx_word' id='word_1_236' title='bbox 152 1996 246 2027; x_wconf 59' lang='lat' dir='ltr'>divi-n</span> <span class='ocrx_word' id='word_1_237' title='bbox 310 1995 456 2036; x_wconf 88' lang='lat' dir='ltr'>Perhaps</span> <span class='ocrx_word' id='word_1_238' title='bbox 487 1994 592 2034; x_wconf 87' lang='lat' dir='ltr'>Virgil</span> <span class='ocrx_word' id='word_1_239' title='bbox 629 1994 694 2025; x_wconf 90' lang='lat' dir='ltr'>and</span> <span class='ocrx_word' id='word_1_240' title='bbox 731 2005 812 2026; x_wconf 92' lang='lat' dir='ltr'>even</span> <span class='ocrx_word' id='word_1_241' title='bbox 874 1995 1102 2035; x_wconf 60' lang='lat' dir='ltr'>rumperetur)</span> <span class='ocrx_word' id='word_1_242' title='bbox 1167 1996 1244 2027; x_wconf 92' lang='lat' dir='ltr'>Tac.</span> <span class='ocrx_word' id='word_1_243' title='bbox 1287 2006 1360 2036; x_wconf 86' lang='lat' dir='ltr'>says</span> <span class='ocrx_word' id='word_1_244' title='bbox 1396 1995 1526 2037; x_wconf 91' lang='lat' dir='ltr'>simply,</span> 
     </span>
     <span class='ocr_line' id='line_1_29' title="bbox 153 2037 1531 2080; baseline 0.001 -11"><span class='ocrx_word' id='word_1_245' title='bbox 153 2039 289 2070; x_wconf 84' lang='lat' dir='ltr'>Tacitus</span> <span class='ocrx_word' id='word_1_246' title='bbox 305 2049 390 2070; x_wconf 89' lang='lat' dir='ltr'>were</span> <span class='ocrx_word' id='word_1_247' title='bbox 407 2038 460 2069; x_wconf 90' lang='lat' dir='ltr'>led</span> <span class='ocrx_word' id='word_1_248' title='bbox 476 2043 510 2069; x_wconf 92' lang='lat' dir='ltr'>to</span> <span class='ocrx_word' id='word_1_249' title='bbox 526 2048 583 2069; x_wconf 86' lang='lat' dir='ltr'>use</span> <span class='ocrx_word' id='word_1_250' title='bbox 599 2037 654 2068; x_wconf 84' lang='lat' dir='ltr'>the</span> <span class='ocrx_word' id='word_1_251' title='bbox 670 2038 761 2069; x_wconf 88' lang='lat' dir='ltr'>word</span> <span class='ocrx_word' id='word_1_252' title='bbox 778 2039 811 2069; x_wconf 90' lang='lat' dir='ltr'>in</span> <span class='ocrx_word' id='word_1_253' title='bbox 879 2037 975 2078; x_wconf 83' lang='lat' dir='ltr'>‘they</span> <span class='ocrx_word' id='word_1_254' title='bbox 1011 2037 1154 2079; x_wconf 87' lang='lat' dir='ltr'>scarcely</span> <span class='ocrx_word' id='word_1_255' title='bbox 1190 2038 1301 2070; x_wconf 86' lang='lat' dir='ltr'>forced</span> <span class='ocrx_word' id='word_1_256' title='bbox 1338 2038 1423 2070; x_wconf 90' lang='lat' dir='ltr'>their</span> <span class='ocrx_word' id='word_1_257' title='bbox 1458 2049 1531 2080; x_wconf 89' lang='lat' dir='ltr'>way</span> 
     </span>
    </p>
   </div>
   <div class='ocr_carea' id='block_1_4' title="bbox 152 2080 810 2501">
    <p class='ocr_par' dir='ltr' id='par_1_5' title="bbox 153 2080 810 2209">
     <span class='ocr_line' id='line_1_30' title="bbox 153 2080 806 2122; baseline 0 -10"><span class='ocrx_word' id='word_1_258' title='bbox 153 2092 195 2112; x_wconf 90' lang='lat' dir='ltr'>an</span> <span class='ocrx_word' id='word_1_259' title='bbox 219 2092 419 2113; x_wconf 89' lang='lat' dir='ltr'>uncommon</span> <span class='ocrx_word' id='word_1_260' title='bbox 446 2086 565 2112; x_wconf 87' lang='lat' dir='ltr'>constr.</span> <span class='ocrx_word' id='word_1_261' title='bbox 581 2081 625 2121; x_wconf 90' lang='lat' dir='ltr'>by</span> <span class='ocrx_word' id='word_1_262' title='bbox 640 2091 659 2111; x_wconf 87' lang='lat' dir='ltr'>a</span> <span class='ocrx_word' id='word_1_263' title='bbox 683 2080 806 2122; x_wconf 87' lang='lat' dir='ltr'>theory,</span> 
     </span>
     <span class='ocr_line' id='line_1_31' title="bbox 155 2123 810 2166; baseline 0 -11"><span class='ocrx_word' id='word_1_264' title='bbox 155 2125 240 2166; x_wconf 82' lang='lat' dir='ltr'>right</span> <span class='ocrx_word' id='word_1_265' title='bbox 257 2136 294 2156; x_wconf 89' lang='lat' dir='ltr'>or</span> <span class='ocrx_word' id='word_1_266' title='bbox 309 2136 432 2166; x_wconf 88' lang='lat' dir='ltr'>wrong,</span> <span class='ocrx_word' id='word_1_267' title='bbox 451 2123 488 2155; x_wconf 81' lang='lat' dir='ltr'>of</span> <span class='ocrx_word' id='word_1_268' title='bbox 500 2124 541 2155; x_wconf 86' lang='lat' dir='ltr'>its</span> <span class='ocrx_word' id='word_1_269' title='bbox 557 2123 755 2165; x_wconf 84' lang='lat' dir='ltr'>etymology,</span> <span class='ocrx_word' id='word_1_270' title='bbox 774 2135 810 2155; x_wconf 92' lang='lat' dir='ltr'>as</span> 
     </span>
     <span class='ocr_line' id='line_1_32' title="bbox 153 2166 733 2209; baseline -0.002 -10"><span class='ocrx_word' id='word_1_271' title='bbox 153 2178 173 2198; x_wconf 87' lang='lat' dir='ltr'>a</span> <span class='ocrx_word' id='word_1_272' title='bbox 189 2178 299 2209; x_wconf 87' lang='lat' dir='ltr'>power</span> <span class='ocrx_word' id='word_1_273' title='bbox 318 2170 326 2183; x_wconf 90' lang='lat'>‘</span> <span class='ocrx_word' id='word_1_274' title='bbox 338 2167 492 2209; x_wconf 87' lang='lat' dir='ltr'>standing</span> <span class='ocrx_word' id='word_1_275' title='bbox 507 2167 612 2198; x_wconf 91' lang='lat' dir='ltr'>above</span> <span class='ocrx_word' id='word_1_276' title='bbox 625 2166 632 2180; x_wconf 86' lang='lat'>’</span> <span class='ocrx_word' id='word_1_277' title='bbox 649 2178 733 2198; x_wconf 90' lang='lat' dir='ltr'>men.</span> 
     </span>
    </p>

    <p class='ocr_par' dir='ltr' id='par_1_6' title="bbox 197 2210 810 2250">
     <span class='ocr_line' id='line_1_33' title="bbox 197 2210 810 2250; baseline -0.003 -7"><span class='ocrx_word' id='word_1_278' title='bbox 197 2212 264 2243; x_wconf 77' lang='lat' dir='ltr'>CH.</span> <span class='ocrx_word' id='word_1_279' title='bbox 308 2211 401 2243; x_wconf 90' lang='lat' dir='ltr'>LIX.</span> <span class='ocrx_word' id='word_1_280' title='bbox 448 2219 459 2241; x_wconf 90' lang='lat'><em>1</em></span> <span class='ocrx_word' id='word_1_281' title='bbox 500 2210 673 2250; x_wconf 76' lang='lat' dir='ltr'>possessa]</span> <span class='ocrx_word' id='word_1_282' title='bbox 721 2210 810 2242; x_wconf 79' lang='lat' dir='ltr'>Used</span> 
     </span>
    </p>

    <p class='ocr_par' dir='ltr' id='par_1_7' title="bbox 153 2253 810 2328">
     <span class='ocr_line' id='line_1_34' title="bbox 153 2253 810 2327; baseline 0.002 -43"><span class='ocrx_word' id='word_1_283' title='bbox 153 2254 312 2327; x_wconf 58' lang='grc' dir='ltr'>,Ξίιῃίἰειήγ</span> <span class='ocrx_word' id='word_1_284' title='bbox 336 2253 373 2285; x_wconf 85' lang='lat' dir='ltr'>of</span> <span class='ocrx_word' id='word_1_285' title='bbox 391 2253 534 2294; x_wconf 88' lang='lat' dir='ltr'>military</span> <span class='ocrx_word' id='word_1_286' title='bbox 556 2253 752 2295; x_wconf 86' lang='lat' dir='ltr'>occupation</span> <span class='ocrx_word' id='word_1_287' title='bbox 776 2254 810 2285; x_wconf 91' lang='lat' dir='ltr'>in</span> 
     </span>
     <span class='ocr_line' id='line_1_35' title="bbox 177 2305 234 2328; baseline 0 0"><span class='ocrx_word' id='word_1_288' title='bbox 177 2321 184 2328; x_wconf 88' lang='lat'><strong>.</strong></span> <span class='ocrx_word' id='word_1_289' title='bbox 206 2305 234 2328; x_wconf 88' lang='lat'>2.</span> 
     </span>
    </p>

    <p class='ocr_par' dir='ltr' id='par_1_8' title="bbox 152 2338 808 2501">
     <span class='ocr_line' id='line_1_36' title="bbox 197 2338 808 2381; baseline 0.002 -11"><span class='ocrx_word' id='word_1_290' title='bbox 197 2349 215 2370; x_wconf 91' lang='lat'><strong>2</strong></span> <span class='ocrx_word' id='word_1_291' title='bbox 239 2338 398 2381; x_wconf 74' lang='lat' dir='ltr'>Erectus]</span> <span class='ocrx_word' id='word_1_292' title='bbox 426 2341 434 2355; x_wconf 87' lang='lat'>‘</span> <span class='ocrx_word' id='word_1_293' title='bbox 448 2339 582 2371; x_wconf 89' lang='lat' dir='ltr'>Roused</span> <span class='ocrx_word' id='word_1_294' title='bbox 599 2345 633 2371; x_wconf 94' lang='lat' dir='ltr'>to</span> <span class='ocrx_word' id='word_1_295' title='bbox 649 2338 808 2379; x_wconf 85' lang='lat' dir='ltr'>activity,’</span> 
     </span>
     <span class='ocr_line' id='line_1_37' title="bbox 152 2383 807 2424; baseline 0 -10"><span class='ocrx_word' id='word_1_296' title='bbox 152 2383 278 2424; x_wconf 85' lang='lat' dir='ltr'>though</span> <span class='ocrx_word' id='word_1_297' title='bbox 289 2383 500 2414; x_wconf 80' lang='lat' dir='ltr'>aemulatione</span> <span class='ocrx_word' id='word_1_298' title='bbox 514 2393 622 2414; x_wconf 88' lang='lat' dir='ltr'>serves</span> <span class='ocrx_word' id='word_1_299' title='bbox 633 2389 666 2414; x_wconf 82' lang='lat' dir='ltr'>to</span> <span class='ocrx_word' id='word_1_300' title='bbox 678 2383 807 2414; x_wconf 83' lang='lat' dir='ltr'>charac-</span> 
     </span>
     <span class='ocr_line' id='line_1_38' title="bbox 153 2425 808 2466; baseline 0 -9"><span class='ocrx_word' id='word_1_301' title='bbox 153 2427 250 2457; x_wconf 82' lang='lat' dir='ltr'>terise</span> <span class='ocrx_word' id='word_1_302' title='bbox 273 2425 327 2456; x_wconf 92' lang='lat' dir='ltr'>the</span> <span class='ocrx_word' id='word_1_303' title='bbox 351 2426 443 2456; x_wconf 80' lang='lat' dir='ltr'>effect</span> <span class='ocrx_word' id='word_1_304' title='bbox 470 2426 648 2466; x_wconf 86' lang='lat' dir='ltr'>produced,</span> <span class='ocrx_word' id='word_1_305' title='bbox 674 2437 710 2458; x_wconf 88' lang='lat' dir='ltr'>as</span> <span class='ocrx_word' id='word_1_306' title='bbox 734 2425 808 2457; x_wconf 86' lang='lat' dir='ltr'>well</span> 
     </span>
     <span class='ocr_line' id='line_1_39' title="bbox 153 2469 516 2501; baseline 0 -1"><span class='ocrx_word' id='word_1_307' title='bbox 153 2479 190 2500; x_wconf 84' lang='lat' dir='ltr'>as</span> <span class='ocrx_word' id='word_1_308' title='bbox 205 2477 239 2501; x_wconf 86' lang='lat' dir='ltr'>to</span> <span class='ocrx_word' id='word_1_309' title='bbox 255 2476 339 2500; x_wconf 82' lang='lat' dir='ltr'>state</span> <span class='ocrx_word' id='word_1_310' title='bbox 355 2469 396 2500; x_wconf 85' lang='lat' dir='ltr'>its</span> <span class='ocrx_word' id='word_1_311' title='bbox 412 2479 516 2500; x_wconf 80' lang='lat' dir='ltr'>cause.</span> 
     </span>
    </p>
   </div>
   <div class='ocr_carea' id='block_1_5' title="bbox 871 2080 1531 2511">
    <p class='ocr_par' dir='ltr' id='par_1_9' title="bbox 873 2080 1531 2208">
     <span class='ocr_line' id='line_1_40' title="bbox 874 2080 1531 2124; baseline 0.005 -13"><span class='ocrx_word' id='word_1_312' title='bbox 874 2080 1015 2122; x_wconf 88' lang='lat' dir='ltr'>through</span> <span class='ocrx_word' id='word_1_313' title='bbox 1028 2081 1082 2113; x_wconf 92' lang='lat' dir='ltr'>the</span> <span class='ocrx_word' id='word_1_314' title='bbox 1094 2092 1186 2113; x_wconf 87' lang='lat' dir='ltr'>snow</span> <span class='ocrx_word' id='word_1_315' title='bbox 1202 2081 1395 2124; x_wconf 89' lang='lat' dir='ltr'>unopposed</span> <span class='ocrx_word' id='word_1_316' title='bbox 1412 2093 1420 2113; x_wconf 90' lang='lat'>:</span> <span class='ocrx_word' id='word_1_317' title='bbox 1441 2081 1531 2114; x_wconf 88' lang='lat' dir='ltr'>what</span> 
     </span>
     <span class='ocr_line' id='line_1_41' title="bbox 874 2124 1530 2165; baseline 0.005 -11"><span class='ocrx_word' id='word_1_318' title='bbox 874 2124 971 2155; x_wconf 93' lang='lat' dir='ltr'>could</span> <span class='ocrx_word' id='word_1_319' title='bbox 1002 2125 1079 2165; x_wconf 88' lang='lat' dir='ltr'>they</span> <span class='ocrx_word' id='word_1_320' title='bbox 1108 2124 1191 2156; x_wconf 92' lang='lat' dir='ltr'>have</span> <span class='ocrx_word' id='word_1_321' title='bbox 1213 2125 1302 2156; x_wconf 89' lang='lat' dir='ltr'>done</span> <span class='ocrx_word' id='word_1_322' title='bbox 1330 2125 1360 2156; x_wconf 81' lang='lat' dir='ltr'>if</span> <span class='ocrx_word' id='word_1_323' title='bbox 1377 2125 1530 2157; x_wconf 85' lang='lat' dir='ltr'>Vitellius</span> 
     </span>
     <span class='ocr_line' id='line_1_42' title="bbox 873 2166 1248 2208; baseline 0.003 -10"><span class='ocrx_word' id='word_1_324' title='bbox 873 2167 939 2198; x_wconf 91' lang='lat' dir='ltr'>had</span> <span class='ocrx_word' id='word_1_325' title='bbox 955 2168 1103 2208; x_wconf 77' lang='lat' dir='ltr'>opposed</span> <span class='ocrx_word' id='word_1_326' title='bbox 1120 2166 1248 2199; x_wconf 85' lang='lat' dir='ltr'>them?&#39;</span> 
     </span>
    </p>

    <p class='ocr_par' dir='ltr' id='par_1_10' title="bbox 876 2209 1524 2295">
     <span class='ocr_line' id='line_1_43' title="bbox 916 2209 1524 2253; baseline 0.005 -12"><span class='ocrx_word' id='word_1_327' title='bbox 916 2220 937 2250; x_wconf 93' lang='lat'>4</span> <span class='ocrx_word' id='word_1_328' title='bbox 953 2211 1134 2250; x_wconf 70' lang='lat' dir='ltr'>cei-mem]</span> <span class='ocrx_word' id='word_1_329' title='bbox 1150 2213 1242 2243; x_wconf 90' lang='lat' dir='ltr'><em>Ann.</em></span> <span class='ocrx_word' id='word_1_330' title='bbox 1257 2210 1320 2243; x_wconf 89' lang='lat' dir='ltr'>xiv.</span> <span class='ocrx_word' id='word_1_331' title='bbox 1330 2218 1382 2252; x_wconf 86' lang='lat'>32.</span> <span class='ocrx_word' id='word_1_332' title='bbox 1394 2209 1425 2250; x_wconf 88' lang='grc'>6,</span> <span class='ocrx_word' id='word_1_333' title='bbox 1440 2212 1524 2253; x_wconf 72' lang='lat' dir='ltr'>Agr.</span> 
     </span>
     <span class='ocr_line' id='line_1_44' title="bbox 876 2253 1437 2295; baseline 0.004 -11"><span class='ocrx_word' id='word_1_334' title='bbox 876 2261 923 2293; x_wconf 88' lang='lat'>17.</span> <span class='ocrx_word' id='word_1_335' title='bbox 945 2261 963 2284; x_wconf 90' lang='lat'><strong>2</strong></span> <span class='ocrx_word' id='word_1_336' title='bbox 980 2255 1056 2295; x_wconf 77' lang='lat' dir='ltr'>inf,</span> <span class='ocrx_word' id='word_1_337' title='bbox 1076 2254 1119 2285; x_wconf 88' lang='lat' dir='ltr'>iv.</span> <span class='ocrx_word' id='word_1_338' title='bbox 1135 2253 1186 2286; x_wconf 88' lang='lat'>68.</span> <span class='ocrx_word' id='word_1_339' title='bbox 1215 2262 1238 2293; x_wconf 87' lang='grc' dir='ltr'>ι,</span> <span class='ocrx_word' id='word_1_340' title='bbox 1258 2261 1307 2294; x_wconf 88' lang='lat'>71.</span> <span class='ocrx_word' id='word_1_341' title='bbox 1331 2262 1358 2292; x_wconf 87' lang='lat'>1,</span> <span class='ocrx_word' id='word_1_342' title='bbox 1377 2260 1437 2286; x_wconf 88' lang='lat' dir='ltr'>etc.</span> 
     </span>
    </p>

    <p class='ocr_par' dir='ltr' id='par_1_11' title="bbox 872 2297 1529 2371">
     <span class='ocr_line' id='line_1_45' title="bbox 913 2297 1529 2339; baseline 0.005 -12"><span class='ocrx_word' id='word_1_343' title='bbox 913 2299 1111 2334; x_wconf 69' lang='lat' dir='ltr'>Propinqua</span> <span class='ocrx_word' id='word_1_344' title='bbox 1132 2299 1308 2339; x_wconf 69' lang='lat' dir='ltr'>mmm]</span> <span class='ocrx_word' id='word_1_345' title='bbox 1335 2297 1406 2329; x_wconf 92' lang='lat' dir='ltr'>Not</span> <span class='ocrx_word' id='word_1_346' title='bbox 1429 2302 1464 2329; x_wconf 92' lang='lat' dir='ltr'>to</span> <span class='ocrx_word' id='word_1_347' title='bbox 1485 2297 1529 2330; x_wconf 87' lang='lat' dir='ltr'>be</span> 
     </span>
     <span class='ocr_line' id='line_1_46' title="bbox 872 2340 997 2371; baseline 0 -1"><span class='ocrx_word' id='word_1_348' title='bbox 872 2340 997 2371; x_wconf 87' lang='lat' dir='ltr'>traced.</span> 
     </span>
    </p>

    <p class='ocr_par' dir='ltr' id='par_1_12' title="bbox 871 2382 1527 2511">
     <span class='ocr_line' id='line_1_47' title="bbox 914 2382 1524 2425; baseline 0.005 -12"><span class='ocrx_word' id='word_1_349' title='bbox 914 2383 1078 2423; x_wconf 57' lang='lat' dir='ltr'>manuae]</span> <span class='ocrx_word' id='word_1_350' title='bbox 1117 2382 1265 2424; x_wconf 90' lang='lat' dir='ltr'>Perhaps</span> <span class='ocrx_word' id='word_1_351' title='bbox 1287 2388 1346 2425; x_wconf 91' lang='lat' dir='ltr'>put</span> <span class='ocrx_word' id='word_1_352' title='bbox 1372 2393 1408 2414; x_wconf 87' lang='lat' dir='ltr'>as</span> <span class='ocrx_word' id='word_1_353' title='bbox 1432 2393 1452 2415; x_wconf 90' lang='lat' dir='ltr'>a</span> <span class='ocrx_word' id='word_1_354' title='bbox 1475 2393 1524 2416; x_wconf 89' lang='lat' dir='ltr'>re-</span> 
     </span>
     <span class='ocr_line' id='line_1_48' title="bbox 871 2425 1527 2468; baseline 0.005 -12"><span class='ocrx_word' id='word_1_355' title='bbox 871 2426 1045 2457; x_wconf 77' lang='lat' dir='ltr'>strictiori:</span> <span class='ocrx_word' id='word_1_356' title='bbox 1079 2426 1103 2458; x_wconf 90' lang='lat' dir='ltr'>it</span> <span class='ocrx_word' id='word_1_357' title='bbox 1130 2426 1156 2458; x_wconf 93' lang='lat' dir='ltr'>is</span> <span class='ocrx_word' id='word_1_358' title='bbox 1182 2426 1272 2468; x_wconf 90' lang='lat' dir='ltr'>plain</span> <span class='ocrx_word' id='word_1_359' title='bbox 1296 2426 1348 2458; x_wconf 85' lang='lat' dir='ltr'>his</span> <span class='ocrx_word' id='word_1_360' title='bbox 1373 2425 1527 2468; x_wconf 87' lang='lat' dir='ltr'>personal</span> 
     </span>
     <span class='ocr_line' id='line_1_49' title="bbox 871 2468 1298 2511; baseline 0.005 -11"><span class='ocrx_word' id='word_1_361' title='bbox 871 2469 1038 2502; x_wconf 87' lang='lat' dir='ltr'>character</span> <span class='ocrx_word' id='word_1_362' title='bbox 1054 2480 1120 2501; x_wconf 88' lang='lat' dir='ltr'>was</span> <span class='ocrx_word' id='word_1_363' title='bbox 1136 2475 1194 2501; x_wconf 90' lang='lat' dir='ltr'>not</span> <span class='ocrx_word' id='word_1_364' title='bbox 1209 2468 1298 2511; x_wconf 87' lang='lat' dir='ltr'>high.</span> 
     </span>
    </p>
   </div>
  </div>
 </body>
</html>
