1654 2694
444 129 487 169 H
497 126 903 172 ISTORIARUM
939 127 1014 168 IV.
1050 137 1114 180 72.

1391 135 1467 178 157

85 233 351 274 nobilissimos
392 235 610 285 Belgarum,
650 234 689 273 in
732 234 819 284 quis
862 234 1002 272 ducem
1042 231 1308 279 Valentinum,
1349 229 1462 280 cepit.

5 302 61 352 72
88 306 249 347 Cerialis
268 313 427 357 postero
449 306 512 345 die
532 305 729 344 coloniam
749 307 1009 344 Treverorum
1035 304 1227 354 ingressus
1257 309 1327 346 est,
1349 301 1466 340 avido

87 377 207 416 milite
237 377 433 416 eruendae
463 375 652 414 civitatis:
684 376 809 413 ‘hanc
839 388 924 414 esse
954 374 1129 423 Classici,
1161 374 1264 412 hanc
1293 371 1464 418 Tutoris,

84 447 275 498 patriam:
319 448 460 486 horum
494 447 638 485 scelere
673 446 822 485 clausas
862 458 1076 495 caesasque
1113 444 1299 494 legiones.

1360 442 1466 492 Quid

85 527 236 558 tantum
257 520 497 558 Cremonam
517 517 702 556 meruisse
718 532 729 565 3
758 529 875 566 quam
905 529 926 555 e
955 515 1104 566 gremio
1135 516 1273 554 Italiae
1302 522 1465 565 raptam,

85 589 177 640 quia
197 589 309 628 unius
329 589 456 628 noctis
476 601 627 627 moram
642 587 856 626 victoribus
871 586 1066 625 attulerit?
1113 587 1223 625 Stare
1238 586 1278 624 in
1295 584 1467 624 confinio
1487 589 1506 613 2

86 660 321 701 Germaniae
359 660 548 709 integram
592 659 741 705 sedem,
781 657 915 708 spoliis
959 656 1199 696 exercituum
1242 664 1280 695 et
1323 656 1468 694 ducum

85 731 273 770 caedibus
294 737 489 769 ovantem.

549 728 810 778 Redigeretur
830 727 976 777 praeda
995 727 1036 764 in
1055 728 1192 764 fiscum
1209 742 1216 765 :
1246 725 1341 776 ipsis
1369 726 1469 764 suffi-

85 814 174 841 cere
203 801 313 851 ignes
342 807 380 839 et
408 798 563 838 rebellis
597 798 778 837 coloniae
812 797 955 845 ruinas,
986 796 1127 847 quibus
1161 804 1221 835 tot
1254 803 1468 835 castrorum

86 872 239 912 excidia
271 884 347 921 pen
353 872 552 909 sarentur.’

609 868 786 915 Cerialis,
819 881 842 906 a
875 875 982 906 metu
1016 866 1210 915 infamiae,
1247 866 1278 905 si
1311 866 1469 905 licentia
1489 867 1508 905 3

85 942 323 992 saevitiaque
369 941 532 980 inbuere
579 940 744 979 militem
793 939 1026 986 crederetur,
1075 937 1214 988 pressit
1260 936 1347 976 iras.
1419 939 1469 976 Et

84 1026 258 1064 paruere,
280 1012 411 1062 posito
441 1011 585 1050 civium
613 1012 732 1057 bello,
763 1010 815 1048 ad
844 1016 1005 1048 externa
1033 1008 1304 1047 modestiores.

1366 1009 1469 1047 Con·
1490 1010 1514 1042 4

34 1095 38 1098 ·
84 1083 198 1123 vertit
239 1083 333 1122 inde
375 1082 529 1121 animos
576 1080 790 1119 accitarum
839 1093 860 1118 e
909 1078 1223 1117 Mediomatricis
1270 1078 1468 1129 legionum

84 1154 314 1194 miserabilis
357 1160 550 1204 aspectus.

84 1224 170 1263 fixis
199 1224 240 1263 in
274 1231 415 1263 terram
449 1222 585 1262 oculis.

85 1294 279 1334 salutatio.

85 1365 211 1404 abditi
243 1378 313 1416 per
345 1363 515 1404 tentoria
548 1370 587 1402 et
620 1364 749 1401 lucem
783 1361 908 1412 ipsam
941 1360 1119 1399 vitantes.

610 1153 775 1191 Stabant
818 1150 1062 1190 conscientia
1104 1149 1239 1200 flagitii
1281 1158 1467 1196 maestae,

644 1223 765 1260 Nulla
798 1221 898 1259 inter
931 1228 1119 1259 coeuntes
1154 1220 1345 1258 exercitus
1379 1232 1470 1258 con-

338 1296 480 1344 Neque
511 1293 728 1332 solantibus
759 1291 1056 1330 hortantibusve
1085 1303 1276 1340 responsa
1309 1290 1468 1339 dabant,

1180 1363 1268 1399 Nec
1305 1360 1468 1410 perinde
1489 1360 1508 1400 5

85 1436 302 1487 periculum
323 1443 388 1476 aut
406 1442 546 1483 metus,
569 1446 686 1483 quam
707 1433 835 1482 pudor
854 1445 901 1470 ac
922 1432 1105 1480 dedecus,
1129 1433 1444 1481 obstupefecerat
1461 1447 1468 1470 ι

86 1507 262 1547 attonitis
283 1506 400 1546 etiam
421 1505 646 1553 victoribus,
671 1504 738 1554 qui
757 1517 898 1543 vocem
925 1516 1141 1554 precesque
1171 1504 1357 1542 adhibere
1386 1516 1467 1541 non

87 1579 182 1628 ausi,
214 1577 382 1617 lacrimis
411 1590 458 1615 ac
488 1575 645 1615 silentio
673 1574 829 1614 veniam
859 1575 1105 1625 poscebant:
1147 1575 1275 1613 donec
1305 1573 1467 1614 Cerialis

86 1650 275 1688 mulceret
295 1647 458 1694 animos,
482 1648 561 1685 fato
583 1653 672 1684 acta
698 1645 894 1692 dictitans,
917 1658 1018 1694 quae
1048 1645 1214 1683 militum
1244 1645 1467 1694 ducumque

87 1719 296 1767 discordia,
340 1719 402 1757 vel
444 1718 581 1756 fraude
623 1716 806 1763 hostium,
852 1715 1084 1754 evenissent.

1144 1716 1316 1753 Primum
1360 1716 1467 1754 illum
1487 1717 1510 1754 6

87 1790 371 1841 stipendiorum
387 1796 425 1828 et
441 1787 674 1827 sacramenti
690 1786 796 1825 diem
817 1787 1006 1825 haberent
1023 1801 1030 1825 ε
1059 1786 1231 1836 priorum
1252 1785 1465 1824 facinorum

87 1873 216 1911 neque
250 1861 535 1910 Imperatorem
568 1871 700 1908 neque
734 1870 776 1896 se
810 1857 1046 1895 meminisse.

89 1958 125 1979 so
152 1947 249 1978 made
275 1947 357 1977 least
386 1946 508 1985 circuit,
536 1956 622 1977 were
649 1945 744 1977 those

90 1991 166 2022 who
197 1990 400 2030 intercepted
431 1990 487 2021 the
518 2000 647 2030 enemy,
679 1988 745 2019 and
807 1987 931 2029 gatar)

91 2033 250 2075 captured
266 2034 471 2064 Valentinus.

135 2077 205 2109 CH.
223 2077 371 2107 LXXII.
390 2074 576 2116 eruendae]
596 2076 627 2106 A
640 2075 744 2117 poeti-

92 2120 142 2152 cal
155 2120 255 2158 word,
272 2120 362 2160 Virg.
380 2121 462 2150 Aen.
480 2120 510 2150 ii.
528 2118 602 2157 612,
618 2119 660 2149 vi.
672 2118 745 2159 839.

135 2172 154 2194 e
183 2165 313 2199 gremio
344 2164 480 2203 Italiae]
527 2162 576 2193 Cf.
619 2163 740 2193 Aesch.

92 2207 126 2238 in
162 2207 240 2238 Ctes.
267 2208 283 2245 ἓ
315 2214 384 2246 133,
418 2217 451 2247 p.
481 2213 531 2245 72,
566 2206 673 2243 Θῆβαι
700 2206 742 2243 δὲ,

94 2251 210 2290 Θῆβαι,
237 2251 328 2281 πόλις
351 2250 559 2288 ἀστυγείτων,
576 2248 646 2285 μεθ’
672 2249 745 2286 ὴμέ-

93 2306 152 2334 ραν
180 2295 255 2330 μίαν
294 2294 329 2324 ἐκ
365 2294 464 2329 μέσης
501 2294 557 2330 τῆς
591 2293 747 2323 “Ελλάδος

95 2338 310 2376 ἀνήρπασται.
355 2336 428 2367 The
451 2335 620 2376 figurative
643 2346 700 2366 use
716 2335 754 2366 of

89 2381 252 2422 gremium
283 2380 310 2411 is
340 2385 398 2410 not
428 2389 506 2419 very
536 2389 746 2416 uncommon,

94 2434 150 2465 eg.
182 2424 251 2455 Cic.
278 2429 342 2464 pro
373 2423 458 2453 Caec.
490 2422 575 2452 xxiv,
602 2428 653 2462 59,
679 2432 749 2453 eum

99 2468 136 2507 Q.
171 2467 319 2498 Ille’tellzcs
348 2466 587 2497 abstraheretur
618 2476 634 2496 e
675 2466 752 2496 sinu

92 2511 274 2552 gremioque
280 2511 421 2553 patriae.

1105 1858 1219 1895 Tunc
1248 1856 1395 1906 recepti
1427 1857 1469 1894 in

855 1953 874 1975 2
899 1942 1138 1986 Redigeretur]
1164 1944 1259 1985 They
1269 1944 1349 1982 said,
1369 1944 1467 1974 ‘redi-

987 1988 1060 2018 The
1090 1998 1184 2018 sense
1208 1988 1234 2018 is
1258 1987 1368 2018 rather
1391 1998 1466 2018 con-

813 2031 936 2063 cessive
952 2031 1032 2062 than
1049 2031 1251 2071 imperative.

858 2083 876 2115 3
899 2083 922 2105 a
940 2075 1047 2113 metu]
1082 2076 1145 2115 [ᾳ.
1166 2079 1302 2115 propter
1324 2078 1467 2111 metum,-

813 2129 850 2149 so
875 2119 945 2149 Liv.
973 2119 1016 2149 vi.
1037 2128 1068 2157 4,
1089 2129 1153 2148 non
1177 2117 1224 2147 αιί
1244 2117 1359 2147 bellum
1384 2141 1390 2147 .
1419 2141 1427 2148 .
1456 2141 1465 2149 .

813 2162 867 2192 sed
879 2162 918 2192 ab
933 2162 1002 2192 odio
1017 2161 1063 2191 acl
1072 2161 1302 2201 pem'astandos
1309 2161 1403 2201 fines.

855 2205 1036 2243 infamiae]
1063 2204 1151 2235 Such
1168 2214 1203 2234 as
1221 2204 1386 2234 Antonius
1402 2203 1469 2234 had

814 2248 974 2285 incurred,
995 2259 1076 2279 even
1093 2247 1222 2287 beyond
1240 2247 1289 2277 his
1305 2247 1438 2278 (leserts.

858 2301 879 2330 4
902 2293 1006 2322 Nulla
1028 2315 1034 2321 .
1060 2314 1067 2321 .
1092 2315 1098 2321 .
1128 2290 1378 2328 consalutatio]
1421 2291 1469 2321 As

816 2335 908 2366 there
931 2334 1041 2365 would
1065 2333 1243 2374 ordinarily
1266 2334 1350 2364 have
1373 2334 1467 2371 been,

818 2389 898 2409 even
930 2378 963 2408 in
991 2378 1046 2408 the
1073 2377 1270 2408 excitement
1297 2377 1335 2408 of
1356 2377 1470 2413 battle,

819 2422 864 2452 iii.
881 2430 898 2452 2
903 2427 932 2461 5.
954 2429 978 2451 1.

865 2471 881 2505 5
906 2471 1025 2495 vocem
1055 2463 1256 2502 precesque]
1289 2466 1320 2494 A
1337 2463 1471 2495 hendia-

821 2508 882 2550 dys
895 2519 905 2546 ς
931 2510 938 2523 ⁴
951 2506 1083 2539 audible
1100 2506 1301 2539 entreaties.'
