1654 2694
207 173 287 214 166
613 170 918 213 CORNELII
953 170 1172 213 TACITI

199 277 389 327 praelium
427 275 528 314 fecit.
599 275 713 324 Quae
755 275 912 314 modica
955 275 1024 314 sed
1065 275 1202 314 crebra
1243 275 1387 315 damna
1428 276 1616 316 famam7

199 346 386 385 victoriae
406 359 530 396 nuper
549 355 683 396 partae
703 346 938 384 lacerabant.

116 406 180 453 80
254 417 386 455 Isdem
409 416 549 454 diebus
577 415 786 453 Mucianus
806 414 952 454 Vitellii
981 413 1103 453 filium
1133 413 1298 455 interfici
1323 416 1446 466 jubet,
1468 429 1575 456 man—

197 500 327 525 suram
366 486 604 525 discordiam
644 486 878 533 obtendens,
918 485 958 524 ni
995 486 1145 524 semina
1186 486 1281 525 belli
1321 486 1571 527 restinxisset.

198 558 341 607 Neque
361 556 579 595 Antonium
602 555 775 594 Primum
797 555 938 594 adsciri
968 555 1067 594 inter
1094 556 1261 596 comites
1289 569 1313 595 a
1342 556 1574 597 Domitiano

195 639 335 677 passus
354 635 423 673 est,
447 627 578 664 favore
607 625 773 664 militum
803 625 940 664 anxius
970 634 1008 664 et
1037 625 1222 676 superbia
1248 626 1330 674 viri,
1351 625 1572 677 aequalium

195 710 367 747 quoque,
389 697 491 735 adeo
520 697 763 747 superiorum
794 695 1047 735 intolerantis.
1108 697 1310 736 Profectus
1338 697 1390 736 ad
1419 698 1572 748 Vespa·
1591 707 1612 733 2

195 766 349 805 sianum
385 767 583 806 Antonius
618 775 658 805 ut
692 779 772 804 non
806 779 877 816 pro
911 779 980 816 spe
1014 779 1085 805 sua
1118 766 1318 817 excipitur,
1352 767 1406 806 ita
1441 779 1572 818 neque

193 850 332 876 averso
352 837 598 887 imperatoris
618 835 761 875 animo.
821 837 857 874 T
859 837 1068 875 rahebatur
1087 836 1125 875 in
1150 837 1314 886 diversa,
1336 836 1428 876 hinc
1455 836 1570 876 meri·

193 907 242 946 tis
271 907 448 954 Antonii,
471 908 582 956 cujus
612 906 733 944 ductu
763 907 987 945 confectum
1017 907 1123 946 haud
1153 907 1270 946 dubie
1299 908 1445 947 bellum
1475 914 1568 957 erat,

193 977 285 1016 inde
308 976 485 1015 Muciani
507 976 706 1027 epistolis:
737 977 850 1015 simul
871 977 990 1015 ceteri
1014 984 1056 1015 ut
1085 977 1269 1016 infestum
1298 977 1570 1028 tumidumque

193 1048 502 1093 insectabantur,
524 1045 722 1096 adjunctis
741 1045 879 1096 prioris
899 1046 1000 1085 vitae
1021 1046 1257 1086 criminibus.
1315 1049 1457 1097 Neque
1485 1047 1570 1099 ipse
1590 1053 1609 1093 3
1650 1039 1654 1048 ’

192 1118 326 1157 deerat
364 1117 595 1168 adrogantia
633 1129 774 1156 vocare
813 1117 994 1164 offensas,
1033 1115 1175 1155 nimius
1213 1117 1570 1157 commemorandis
1644 1138 1654 1159 υ

191 1201 294 1238 quae
313 1187 528 1226 meruisset.
587 1186 698 1225 Alios
719 1194 761 1224 ut
782 1186 957 1233 inbelles,
983 1185 1196 1225 Caecinam
1225 1194 1267 1225 ut
1295 1186 1491 1237 captivom
1519 1200 1568 1226 ac

189 1258 417 1297 dediticium
441 1258 625 1307 increpat.
687 1257 807 1296 Unde
835 1256 1021 1307 paulatim
1052 1256 1174 1296 levior
1201 1256 1390 1307 viliorque
1417 1257 1564 1306 haberi,

189 1337 374 1367 manente
396 1336 529 1367 tamen
549 1328 589 1366 in
610 1327 782 1378 speciem
804 1327 985 1365 amicitia.

108 1399 163 1445 81
244 1401 318 1438 Per
355 1411 423 1437 eos
462 1411 630 1447 menses,
668 1398 810 1448 quibus
844 1396 1110 1447 Vespasianus
1146 1397 1405 1436 Alexandriae
1442 1404 1566 1437 statos

189 1469 347 1508 aestivis
368 1468 524 1507 flatibus
546 1468 630 1507 dies
651 1476 691 1509 et
719 1476 826 1507 certa
854 1467 970 1506 maris
1000 1467 1285 1518 opperiebatur,
1307 1469 1429 1506 multa
1456 1466 1568 1507 mira-

189 1540 278 1579 cula
307 1552 485 1586 evenere,
515 1539 602 1589 quis
631 1538 809 1578 caelestis
838 1539 947 1577 favor
975 1545 1013 1577 et
1042 1538 1234 1588 quaedam
1264 1538 1303 1576 in
1332 1537 1567 1588 Vespasian-

187 1622 253 1648 um
289 1609 494 1648 inclinatio
523 1608 727 1648 numinum
757 1609 1035 1647 ostenderetur.
1094 1609 1128 1646 E
1155 1609 1272 1659 plebe
1299 1607 1600 1656 Alexandrina2

189 1679 350 1730 quidam
372 1680 575 1718 oculorum
597 1681 688 1718 tabe
708 1687 826 1718 notus
844 1692 971 1729 genua
991 1680 1076 1728 ejus
1095 1678 1324 1727 advolvitur,
1344 1678 1563 1718 remedium

185 1749 385 1788 caecitatis
428 1762 648 1799 exposcens
689 1749 849 1800 gemitu,
890 1750 1043 1787 monitu
1085 1747 1282 1798 Serapidis
1323 1748 1399 1796 dei,
1442 1761 1563 1799 quem
1628 1768 1651 1803 g

227 1883 295 1916 cn.
311 1884 454 1915 LXXX.
470 1885 604 1914 vitellfl
615 1881 740 1925 finum]
765 1883 838 1915 The
948 1883 1143 1922 Caecinam]
1174 1883 1264 1914 Who
1286 1883 1352 1914 had
1381 1884 1466 1916 been
1489 1890 1562 1918 sent

184 1927 271 1959 child
289 1927 513 1964 Germanicus,
534 1927 565 1958 ii.
590 1934 639 1968 59.
662 1934 690 1967 5.
905 1930 939 1957 to
964 1926 1146 1967 Vespasian
1169 1926 1392 1968 immediately
1407 1927 1491 1960 aster
1505 1928 1562 1961 the

225 1971 326 2010 adeo]
372 1970 535 2011 Virtually
579 1970 765 2011 equivalent
804 1974 837 2001 to
905 1969 1007 2000 battle
1023 1970 1058 2000 of
1073 1971 1248 2009 Cremona,
1267 1970 1311 2001 iii.
1333 1978 1370 2011 31
1381 1971 1447 2012 fin.

182 2014 308 2053 nedum,
334 2014 545 2045 translatable
578 2013 697 2044 ‘much
728 2013 836 2044 more'
948 2015 1014 2044 CH.
1037 2013 1201 2044 LXXXI.
1230 2016 1344 2044 statos
1366 2037 1374 2046 .
1401 2038 1409 2046 .
1437 2038 1445 2046 .
1472 2012 1561 2053 mes]

180 2068 218 2088 or
243 2057 358 2088 ‘much
384 2056 470 2094 less,'
494 2067 529 2087 as
552 2058 645 2088 Ann.
668 2056 710 2087 iii.
734 2064 782 2096 34
806 2065 834 2097 3,
905 2055 1031 2086 Settled
1055 2056 1198 2087 weather
1220 2056 1269 2088 sor
1289 2057 1476 2098 navigation
1491 2068 1560 2090 was

180 2111 221 2131 ne
247 2101 420 2141 conjugum
450 2100 575 2141 quidem
598 2104 737 2140 penates,
763 2100 837 2130 adeo
904 2099 1069 2130 reckoned
1093 2106 1127 2130 to
1150 2099 1248 2141 begin
1268 2099 1351 2131 from
1367 2101 1447 2140 May
1464 2100 1554 2140 26th,

178 2145 272 2174 socios
285 2154 299 2181 ‚·
325 2144 367 2174 vi.
403 2150 450 2183 15.
483 2143 513 2181 6,
544 2154 583 2174 ne
607 2147 682 2173 tecta
709 2143 834 2184 quidem
904 2142 958 2173 the
982 2143 1117 2174 Etesian
1147 2143 1342 2174 north-west
1370 2143 1476 2175 winds
1506 2144 1552 2183 (ii.

179 2188 277 2224 urbis,
288 2187 363 2218 adeo
366 2187 534 2227 publicum
544 2187 722 2217 consilium.
761 2186 834 2217 The
901 2184 953 2224 98.
980 2187 1013 2225 3)
1040 2192 1088 2217 set
1111 2186 1144 2217 in
1167 2186 1201 2216 in
1223 2186 1279 2217 the
1305 2186 1371 2218 late
1399 2197 1553 2226 summer,

178 2240 235 2261 use
252 2230 277 2261 is
293 2241 334 2261 an
352 2230 520 2261 extension
536 2229 573 2260 os
592 2229 662 2261 that
686 2228 723 2260 os
740 2234 835 2270 atque
901 2229 1003 2260 hence
1022 2229 1214 2270 Vespasian,
1232 2229 1350 2270 sailing
1365 2229 1398 2260 in
1421 2229 1503 2271 May
1518 2240 1556 2262 or

177 2274 260 2311 adeo,
286 2273 368 2304 ‘and
387 2273 417 2303 in
435 2271 521 2304 fact)
898 2271 994 2312 June,
1014 2282 1089 2313 may
1113 2272 1196 2303 have
1219 2272 1301 2303 been
1324 2278 1358 2304 at
1381 2273 1489 2304 Rome
1511 2273 1556 2315 by

219 2324 239 2347 2
263 2316 480 2355 crimmbus]
506 2316 568 2348 See
584 2326 625 2347 on
643 2315 675 2346 ii.
695 2314 746 2346 86.
767 2323 796 2347 2.
899 2315 1136 2353 rnidsummer;
1158 2325 1213 2347 see
1228 2325 1271 2346 on
1288 2322 1338 2356 53.
1365 2323 1391 2347 1.

219 2367 238 2399 3
261 2357 401 2399 vocare]
442 2359 511 2390 ‘To
543 2357 736 2400 challenge‚'
767 2369 830 2389 one
941 2367 960 2389 2
984 2361 1164 2390 oculorum
1178 2359 1275 2398 tabe]
1299 2359 1355 2391 Or.
1382 2357 1475 2390 takes
1497 2358 1554 2392 the

176 2401 369 2433 os'sacitus‘
393 2402 493 2433 tricks
514 2402 551 2433 os
569 2402 663 2443 using
678 2413 696 2432 a
713 2402 830 2442 simple
897 2401 988 2432 word
1029 2412 1064 2433 as
1101 2412 1121 2432 a
1158 2401 1318 2433 technical
1356 2407 1449 2440 term,
1491 2403 1547 2444 i.q.

174 2446 253 2476 verb
278 2446 310 2476 in
335 2446 389 2477 the
413 2456 506 2476 sense
529 2445 567 2476 os
585 2456 604 2476 a
627 2446 823 2486 eompound.
897 2446 1014 2483 φθίσις,
1049 2444 1157 2476 which
1186 2455 1206 2476 a
1234 2445 1323 2486 gloss
1345 2444 1493 2476 ascribed
1516 2451 1551 2477 to

175 2488 221 2519 So
247 2489 349 2519 Germ.
376 2496 422 2527 14.
445 2496 474 2529 5,
495 2499 606 2520 vocare
619 2489 759 2526 hostem,·
783 2488 821 2520 cf.
897 2488 1000 2518 Galen
1025 2487 1189 2520 describes
1210 2498 1247 2519 as
1277 2487 1444 2520 blindness
1465 2487 1551 2520 from

172 2531 201 2562 V
207 2531 262 2572 irg.
287 2532 394 2573 Georg.
415 2532 454 2563 iv.
477 2531 527 2572 76.
894 2531 1097 2563 contraction
1112 2530 1149 2563 of
1162 2531 1216 2564 the
1231 2531 1334 2573 pupss.

1607 2008 1654 2299 Qafi-a-
1637 1885 1647 1922 ‚0
