1654 2694
43 1101 99 1133 21

475 136 938 179 HISTORIARUM
974 137 1050 178 IV.
1084 147 1149 178 21.
1433 147 1510 188 103

125 240 294 281 ariorum
314 248 353 281 et
373 242 648 281 tumultuariae
677 242 886 292 Belgarum
906 241 1102 289 cohortes,
1126 241 1240 279 simul
1269 253 1513 291 paganorum

124 312 368 362 lixarumque
398 313 548 363 ignava,
572 313 642 352 sed
671 326 819 363 procax
838 320 931 352 ante
960 312 1189 363 periculum,
1211 325 1362 360 manus,
1386 312 1512 352 omni-

125 383 200 422 bus
219 383 339 432 portis
355 391 552 433 rumpunt,
569 391 611 421 ut
633 385 802 421 Batavos
823 395 987 422 numero
1008 383 1163 433 inpares
1184 382 1510 422 circumfundant.

126 453 202 502 Illi,
223 462 374 493 veteres
394 454 567 501 militiae,
590 454 630 492 in
651 467 799 492 cuneos
820 462 1122 504 congregantur,
1146 453 1259 492 densi
1278 454 1454 503 undique
1475 460 1514 492 et
1536 454 1554 492 3

124 526 294 563 frontem
324 532 510 576 tergaque
530 538 577 563 ac
606 525 706 563 latus
727 525 809 563 tuti.
869 523 933 563 Sic
953 531 1114 563 tenuem
1143 532 1366 563 nostrorum
1387 523 1515 563 aciem

125 594 378 646 perfringunt.
429 595 674 635 Cedentibus
692 594 821 645 Belgis
837 595 994 645 pellitur
1013 595 1128 645 legio,
1144 602 1182 634 et
1198 596 1342 633 vallum
1362 602 1515 645 portas-

126 679 203 716 que
232 666 375 717 trepidi
405 667 604 717 petebant.
666 665 728 704 Ibi
756 665 969 716 plurimum
999 665 1153 704 cladis:
1182 666 1404 704 cumulatae
1433 678 1515 704 cor-

124 737 285 788 poribus
306 739 433 776 fossae
455 752 466 785 3
493 751 568 776 nec
589 738 712 776 caede
732 744 885 776 tantum
915 744 953 776 et
981 736 1219 784 volneribus,
1244 737 1315 775 sed
1335 736 1448 775 ruina
1476 742 1515 775 et

125 808 205 847 suis
225 808 402 859 plerique
422 807 509 847 telis
530 807 721 846 interiere.
780 807 963 846 Victores
985 807 1144 846 colonia
1163 806 1513 858 Agrippinensium
1535 809 1560 841 4

124 879 256 925 vitata,
286 879 383 918 nihil
412 887 544 918 cetero
564 878 603 917 in
633 878 770 917 itinere
799 879 942 917 hostile
962 879 1057 925 ausi,
1091 880 1303 918 Bonnense
1324 878 1516 929 praelium

125 951 377 998 excusabant,
394 957 596 1000 tamquam
612 949 735 1000 petita
754 963 864 1000 pace,
882 956 1094 1000 postquam
1114 950 1342 1000 negabatur,
1359 949 1516 989 sibimet

123 1020 198 1072 ipsi
218 1022 517 1061 consuluissent.

179 1091 327 1140 Civilis,
349 1092 520 1131 adventu
550 1099 823 1131 veteranarum
852 1091 1072 1130 cohortium
1099 1091 1191 1141 justi
1211 1093 1292 1142 jam
1323 1091 1516 1131 exercitus

125 1162 277 1210 ductor,
318 1163 389 1202 sed
427 1162 581 1202 consilii
620 1162 826 1213 ambiguus
856 1170 895 1201 et
928 1162 1007 1200 vim
1048 1164 1275 1201 Romanam
1314 1170 1514 1213 reputans,

125 1241 290 1272 cunctos
328 1234 394 1283 qui
432 1234 597 1272 aderant
634 1233 673 1272 in
712 1234 832 1272 verba
870 1232 1105 1283 Vespasiani
1144 1233 1277 1284 adigit,
1318 1233 1516 1283 mittitque

124 1304 277 1354 legatos
305 1304 356 1342 ad
386 1304 482 1342 duas
511 1304 699 1354 legiones,
731 1317 842 1353 quae,
869 1303 998 1354 priore
1027 1305 1111 1343 acie
1131 1305 1279 1354 pulsae,
1301 1303 1340 1342 in
1371 1306 1517 1343 Vetera

1412 1374 1519 1414 Red-
1539 1387 1558 1412 2

126 1444 231 1484 ditur
249 1458 493 1495 responsum,
519 1447 528 1464 ‘
543 1458 674 1495 neque
693 1445 905 1496 proditoris
924 1458 1055 1495 neque
1076 1446 1247 1484 hostiurn
1272 1459 1314 1485 se
1344 1446 1518 1486 consiliis

126 1515 210 1554 uti:
239 1529 325 1554 esse
355 1515 429 1554 sibi
458 1515 661 1554 Vitellium
692 1515 923 1566 principem,
954 1529 1026 1566 pro
1065 1529 1145 1566 quo
1174 1516 1295 1555 fidem
1334 1523 1373 1556 et
1411 1530 1519 1556 arma

126 1599 251 1636 usque
289 1587 341 1624 ad
378 1599 602 1636 supremum
643 1585 821 1636 spiritum
860 1594 1113 1635 retenturos,
1151 1585 1319 1636 proinde
1357 1588 1519 1638 perfuga

127 1659 298 1696 Batavus
316 1657 519 1696 arbitrium
543 1670 670 1696 rerum
701 1659 975 1696 Romanarum
1004 1670 1055 1696 ne
1084 1665 1227 1708 ageret,
1259 1658 1331 1696 sed
1359 1658 1517 1698 meritas

127 1375 265 1414 Castra
284 1381 574 1422 concesserant,
595 1382 638 1412 ut
661 1373 767 1413 idem
798 1382 1088 1412 sacramentum
1117 1374 1353 1425 acciperent.

125 1777 357 1816 experiretur]
382 1777 446 1808 We
460 1776 526 1808 had
550 1776 709 1818 similarly
731 1777 787 1809 the

126 1820 208 1861 subj.
230 1821 368 1852 without
392 1826 430 1851 ut
451 1821 534 1852 after
553 1821 732 1851 incitabant
754 1821 787 1851 in

126 1864 170 1895 iii.
192 1864 243 1902 64.
269 1873 293 1896 1.
346 1865 376 1895 It
399 1865 424 1895 is
441 1864 478 1895 of
497 1875 610 1896 course
633 1875 787 1895 common

126 1907 207 1938 with
224 1908 319 1938 verbs
335 1908 403 1939 like
420 1919 536 1945 moneo,
555 1909 679 1945 suadeo,
700 1913 760 1939 etc.

170 1953 425 1982 tumultuariae
440 1954 473 1982 B.
491 1952 666 1991 cohortes]
688 1953 719 1983 A
725 1962 783 1983 nn.

127 1994 148 2026 i.
170 1994 220 2036 56.
246 2002 271 2025 1.

171 2037 355 2076 rumpunt]
388 2037 481 2069 Used
508 2038 693 2078 absolutely
720 2038 788 2069 like

127 2085 312 2121 erumpunt.
365 2081 410 2112 So
434 2083 528 2113 Anu.
551 2082 581 2113 ii.
613 2090 658 2122 17.
680 2081 710 2119 6,
731 2092 788 2112 un-

128 2125 191 2156 less
209 2124 298 2155 there
315 2124 339 2155 it
362 2124 403 2155 be
427 2124 528 2155 taken
551 2136 585 2156 as
608 2125 786 2164 transitive,

132 2169 139 2183 ‘
151 2167 252 2199 break
270 2168 325 2198 the
342 2166 431 2198 line.'

174 2219 193 2251 3
230 2214 367 2242 veteres
396 2211 557 2250 militiae]
596 2211 669 2242 The
700 2222 790 2243 same

130 2260 249 2287 constr.
268 2265 380 2286 occurs
397 2255 429 2285 in
446 2256 539 2285 Anu.
561 2254 580 2286 i.
603 2263 652 2285 20.
674 2264 702 2286 2.

173 2300 274 2330 densi
311 2322 318 2329 .
358 2322 365 2329 .
405 2321 412 2329 .
451 2300 522 2328 tuti
567 2298 675 2329 shows
719 2298 791 2329 that

129 2353 248 2374 cuneus
271 2342 350 2372 does
373 2346 430 2372 not
455 2341 558 2382 iniply
577 2351 618 2371 an
641 2352 790 2382 arrange-

130 2391 220 2417 ment
237 2396 403 2416 narrower
415 2385 446 2415 in
465 2384 549 2415 sront
563 2385 641 2415 than
658 2385 691 2415 in
708 2396 786 2416 rear.

174 2431 248 2459 suis
268 2431 426 2466 plerique
448 2428 543 2467 telis]
568 2428 617 2459 Cf.
638 2429 679 2460 Il.
700 2429 787 2460 xviii.

131 2471 283 2512 228-231.

173 2515 354 2555 interiere]
393 2515 440 2547 M.
471 2514 531 2546 has
561 2514 702 2554 interire,
732 2525 793 2547 nor

854 1777 881 1808 is
898 1777 953 1809 the
975 1777 1049 1809 hist.
1070 1777 1126 1809 inf.
1155 1782 1211 1809 out
1235 1777 1273 1809 of
1290 1778 1394 1819 place,
1421 1779 1519 1810 when

854 1821 911 1852 the
934 1821 1053 1862 copula
1076 1821 1140 1852 and
1167 1821 1379 1862 conjunction
1405 1822 1438 1853 in
1462 1822 1519 1854 the

854 1865 975 1896 former
991 1865 1115 1896 clauses
1131 1865 1215 1896 have
1231 1866 1315 1897 been
1332 1866 1480 1898 omitted.

899 1918 920 1948 4
942 1907 1172 1950 excusabant]
1200 1909 1265 1940 For
1283 1909 1339 1940 the
1357 1909 1438 1941 Ubii
1461 1909 1518 1940 ad-

855 1951 955 1983 hered
973 1957 1006 1983 to
1025 1952 1141 1984 Rome.

901 1996 967 2027 CH.
1012 1996 1110 2026 XXI.
1156 1997 1272 2032 priore
1309 1993 1399 2036 acie]
1445 1995 1519 2027 The

858 2039 1082 2080 comparative
1094 2039 1328 2079 distinguishes
1341 2039 1397 2070 the
1409 2039 1520 2070 action

858 2082 895 2114 os
907 2093 934 2114 c.
956 2081 992 2113 18
1010 2082 1093 2112 from
1111 2082 1181 2113 that
1197 2082 1235 2112 of
1245 2093 1273 2113 c.
1291 2090 1343 2113 20.

902 2134 920 2156 2
951 2128 1142 2163 prodjtoris
1186 2149 1193 2156 .
1239 2149 1247 2156 .
1294 2149 1302 2156 .
1347 2123 1517 2168 hostium]

859 2169 974 2201 Civilis
987 2180 1053 2200 was
1070 2169 1124 2200 the
1142 2168 1219 2205 first,
1236 2168 1286 2199 his
1303 2169 1520 2201 trans-Rhen-

859 2224 920 2244 ane
937 2213 1029 2243 allies
1046 2212 1102 2243 the
1119 2212 1250 2243 second.

901 2258 1112 2287 arbitrium.
1139 2279 1146 2286 .
1171 2279 1178 2286 .
1196 2252 1332 2296 ageret]
1359 2255 1405 2287 So
1421 2257 1452 2287 Α
1458 2267 1515 2288 nn.

859 2300 925 2330 xiii.
954 2309 1001 2338 14.
1034 2308 1060 2337 1,
1080 2299 1256 2329 arbitrium
1282 2300 1522 2340 7‘c1g‘7n'agebat,·

862 2343 932 2373 Liv.
954 2343 1039 2373 xxiv.
1067 2349 1119 2382 45,
1147 2342 1244 2372 macra
1268 2342 1306 2373 de
1325 2354 1446 2384 quoque
1467 2354 1520 2374 ar-

861 2387 955 2417 bilria
979 2396 1076 2425 zrgrcre.
1142 2385 1215 2416 The
1238 2386 1359 2416 second
1382 2397 1523 2428 passage

861 2430 969 2461 shows
986 2430 1077 2460 there
1094 2428 1119 2459 is
1143 2439 1186 2459 no
1209 2429 1293 2460 need
1317 2429 1354 2460 of
1373 2430 1428 2462 the
1451 2441 1521 2461 cor-

861 2473 984 2504 rection
1008 2472 1180 2511 arbitrum,
1207 2472 1285 2504 here
1308 2483 1345 2504 or
1367 2474 1401 2505 in
1423 2475 1519 2506 Ann.

859 2517 882 2548 l.
902 2527 927 2549 c.
