1654 2694
138 166 214 198 102
541 153 850 197 CORNELII
884 152 1104 196 TACITI

130 259 277 299 itineris
307 258 549 305 donativom,
580 259 726 309 duplex
754 257 1005 309 stipendium,
1037 257 1167 308 augeri
1196 257 1372 308 equitum
1400 270 1514 296 num-

130 344 251 378 erum,
282 329 474 380 promissa
500 343 594 369 sane
615 343 638 368 a
665 330 837 377 Vitellio,
862 330 1123 380 postulabant,
1145 342 1226 368 non
1255 336 1297 368 ut
1325 329 1515 379 adseque-

129 410 271 447 rentur,
294 401 364 440 sed
394 413 552 440 causam
583 400 777 440 seditioni.
839 402 888 439 Et
910 401 1072 439 Flaccus
1101 401 1225 438 multa
1252 399 1512 439 concedendo
1534 407 1553 433 2

130 472 227 511 nihil
243 471 349 511 aliud
371 472 564 519 effecerat,
586 484 704 521 quam
725 479 766 510 ut
787 470 914 509 acrius
935 477 1193 520 exposcerent
1214 483 1314 520 quae
1335 471 1512 509 sciebant

130 552 372 594 negaturum.
430 543 570 592 Spreto
605 542 751 580 Flacco
781 540 1003 580 inferiorem
1043 541 1296 579 Germaniam
1325 539 1509 590 petivere,

128 622 171 653 ut
201 613 316 654 Civili
351 614 615 663 jungerentur.
690 611 958 658 Hordeonius,
990 610 1177 649 adhibitis
1215 609 1381 650 tribunis
1418 622 1510 650 cen—

129 683 439 733 turionibusque,
493 681 733 721 consultavit
779 695 873 720 num
921 681 1156 731 obsequium
1206 682 1426 720 abnuentes
1472 679 1511 719 vi

127 756 335 794 coerceret.
396 755 494 792 Mox
541 752 657 791 insita
694 751 850 802 ignavia
887 760 926 790 et
964 751 1126 802 trepidis
1164 751 1362 799 ministris,
1410 753 1551 802 qu0s3

126 824 332 875 ambiguus
370 823 602 862 auxiliorum
649 822 803 861 animus
850 830 889 861 et
936 823 1066 861 subito
1104 823 1260 861 delectu
1306 822 1511 872 suppletae

123 895 298 946 legiones
317 895 527 945 angebant,
550 893 683 932 statuit
703 893 905 932 continere
925 893 1025 931 intra
1053 900 1179 931 castra
1198 891 1362 931 militem
1380 907 1388 931 ε
1417 891 1511 931 dein

123 965 377 1017 paenitentia,
417 972 455 1004 et
502 964 754 1014 arguentibus
801 963 894 1013 ipsis
932 963 999 1013 qui
1046 970 1258 1010 suaserant,
1308 970 1510 1012 tamquam

128 1045 344 1085 secuturus,
367 1035 519 1086 scripsit
541 1034 747 1074 Herennio
768 1036 896 1083 Gallo,
926 1035 1092 1085 legionis
1112 1035 1259 1085 primae
1279 1034 1419 1085 legato,
1442 1033 1509 1084 qui

125 1108 307 1145 Bonnam
345 1106 563 1153 obtinebat,
603 1113 645 1144 ut
678 1113 827 1144 arceret
874 1106 1036 1144 transitu
1085 1107 1280 1144 Batavos:
1327 1117 1370 1144 se
1417 1116 1508 1142 cum

124 1177 295 1215 exercitu
316 1175 432 1226 tergis
453 1189 586 1215 eorum
603 1175 821 1214 haesurum.
882 1176 931 1213 Et
952 1174 1120 1225 opprimi
1149 1181 1342 1225 poterant,
1363 1173 1395 1213 si
1415 1173 1508 1212 hinc
1528 1177 1553 1210 4

124 1246 393 1295 Hordeonius,
415 1246 508 1286 inde
529 1247 676 1294 Gallus,
698 1245 815 1284 motis
843 1245 1038 1296 utrimque
1066 1244 1202 1296 copiis,
1225 1244 1377 1284 medios
1407 1246 1509 1283 clau-

123 1317 273 1356 sissent.
346 1318 512 1356 Flaccus
545 1316 676 1355 omisit
713 1316 925 1366 inceptum,
975 1316 1138 1366 aliisque
1184 1315 1303 1355 literis
1350 1315 1507 1355 Gallum

121 1387 275 1427 monuit
295 1401 345 1427 ne
359 1396 517 1427 terreret
536 1389 738 1427 abeuntes.
798 1388 918 1427 Unde
935 1387 1106 1437 suspicio
1127 1395 1268 1438 sponte
1288 1387 1504 1437 legatorum
1529 1389 1548 1429 5

121 1458 281 1497 excitari
309 1459 467 1506 bellum,
499 1466 720 1508 cunctaque
750 1471 851 1508 quae
871 1457 1096 1497 acciderant
1125 1465 1191 1496 aut
1219 1458 1504 1505 metuebantur,

121 1542 204 1568 non
225 1528 362 1568 inertia
381 1528 514 1567 militis
534 1542 664 1579 neque
680 1530 851 1567 hostium
871 1528 909 1567 vi
929 1529 999 1567 sed
1020 1529 1154 1567 fraude
1170 1528 1315 1567 ducum
1335 1527 1503 1567 evenire.

41 1601 104 1634 20
123 1599 269 1646 Batavi,
301 1613 390 1638 cum
430 1599 565 1638 castris
605 1599 882 1638 Bonnensibus
919 1599 1238 1650 propinquarent,
1269 1597 1505 1649 praemisere

121 1670 187 1720 qui
209 1670 416 1709 Herennio
437 1671 554 1709 Gallo
574 1670 762 1708 mandata
791 1669 1011 1709 cohortium
1032 1677 1255 1720 exponeret.
1315 1672 1324 1690 ‘
1341 1670 1504 1708 Nullum

121 1739 196 1779 sibi
224 1741 371 1778 bellum
393 1741 578 1779 adversus
609 1742 825 1787 Romanos,
847 1753 918 1790 pro
939 1741 1082 1790 quibus
1102 1739 1246 1779 totiens
1266 1740 1505 1779 bellassent:
1621 1721 1654 2330 Ι

120 1811 239 1860 longa
257 1818 376 1860 atque
406 1810 521 1849 inrita
550 1810 688 1849 militia
716 1811 827 1849 fessis
855 1811 1003 1861 patriae
1032 1818 1151 1860 atque
1181 1809 1250 1849 otii
1273 1809 1501 1860 cupidinem

119 1895 215 1920 esse.
274 1881 313 1920 Si
330 1894 448 1920 nemo
469 1880 688 1928 obsisteret,
710 1881 914 1920 innoxium
935 1882 1007 1920 iter
1025 1882 1107 1920 fore
1127 1896 1134 1919 :
1163 1880 1222 1919 sin
1243 1893 1351 1919 arma
1370 1892 1503 1919 occur-

117 1960 215 1999 rant,
256 1953 357 1991 ferro
395 1951 498 1990 viam
538 1951 791 1990 inventuros.'
849 1953 1113 1991 Cunctantem
1151 1952 1321 2002 legatum
1357 1949 1542 1990 militesz

117 2025 378 2075 perpulerant,
408 2024 601 2062 fortunam
632 2022 766 2073 praelii
795 2023 1041 2074 experiretur.
1099 2022 1194 2062 Tria
1220 2022 1328 2061 milia
1354 2021 1502 2074 legion-

158 2180 282 2216 auger-1
297 2179 456 2215 eqmtum
470 2176 668 2215 numerum]
685 2176 773 2208 That
885 2183 902 2217 5
927 2174 1037 2218 Unde]
1071 2176 1103 2208 It
1129 2186 1234 2208 seems
1260 2180 1294 2208 to
1320 2175 1362 2207 be
1389 2178 1501 2206 meant

115 2232 206 2253 more
229 2221 266 2252 os
289 2221 373 2252 their
397 2231 471 2252 own
496 2220 633 2251 number
655 2219 773 2251 should
840 2219 911 2251 that
935 2220 990 2251 the
1013 2220 1178 2260 suspicion
1202 2230 1277 2251 now
1299 2218 1495 2260 originated‚

115 2265 157 2296 be
182 2265 356 2306 promoted
383 2269 417 2295 to
441 2264 496 2295 the
520 2274 610 2295 more
633 2263 773 2294 honour·
839 2263 948 2294 which
978 2263 1130 2294 attached
1162 2268 1219 2294 not
1245 2262 1324 2304 only
1346 2268 1380 2294 to
1409 2262 1498 2293 Hor-

113 2308 188 2339 able
204 2308 333 2347 cavalry
349 2307 480 2339 service.
840 2306 988 2344 deonius,
1007 2307 1082 2337 who
1099 2307 1164 2347 (13.
1184 2308 1217 2346 3)
1239 2316 1307 2337 was
1329 2310 1387 2336 not
1409 2304 1500 2346 quite

157 2359 176 2392 3
201 2348 398 2393 secuturus]
435 2349 632 2391 ‘Intending
655 2355 688 2380 to
712 2348 770 2380 sol·
840 2349 1006 2387 innocent,
1032 2350 1092 2381 but
1115 2355 1148 2380 to
1173 2349 1298 2386 Gallus,
1324 2348 1400 2379 who
1423 2358 1499 2389 may

112 2393 177 2425 low
207 2394 257 2424 his
288 2392 459 2434 message)
516 2393 579 2424 We
610 2392 772 2434 probably
839 2392 923 2424 have
950 2393 1044 2430 been,
1074 2393 1138 2423 and
1169 2397 1203 2424 to
1233 2392 1288 2423 the
1319 2391 1498 2423 successive

112 2437 230 2468 should
255 2437 339 2468 have
365 2437 431 2468 had
458 2447 477 2467 a
503 2442 654 2476 stronger
679 2436 770 2466 word
838 2436 1068 2467 commanders
1083 2435 1169 2474 who,
1189 2435 1271 2467 aster
1286 2433 1497 2476 Vespasian's

111 2480 177 2511 had
199 2480 223 2511 it
240 2486 351 2511 meant
378 2479 572 2521 ‘intending
594 2485 628 2511 to
651 2489 769 2520 pursue
837 2489 977 2517 success,
997 2478 1159 2520 probably
1173 2479 1230 2510 did
1246 2478 1330 2510 their
1344 2477 1426 2509 best.

111 2523 166 2556 the
182 2521 325 2564 enemy.'
881 2523 949 2554 CH.
977 2522 1055 2554 XX.
1095 2530 1114 2554 2
1138 2523 1367 2560 perpulerant
1399 2543 1408 2553 .
1442 2543 1452 2553 .
1485 2543 1495 2553 .
